2111 3303
1003 205 1046 247 1]

311 320 456 362 culum
488 334 575 362 non
605 334 791 375 prorsus
835 319 1015 361 videtur
1056 320 1224 362 vitasse
1257 320 1375 363 John
1406 321 1576 363 Adams
1609 321 1750 375 Sem,

310 397 386 453 qui
399 396 429 452 1)
462 396 514 438 de
547 395 733 439 Pindari
774 396 934 439 studiis
969 396 1202 439 Hesiodeis
1247 397 1303 439 ad
1334 398 1660 454 mythologiam
1705 401 1752 441 et

310 460 604 515 elocutionem
636 472 967 528 pertinentibus
998 472 1241 528 diligenter
1274 476 1320 516 et
1353 475 1577 530 sagaciter
1600 474 1749 531 dispu-

309 550 442 592 tavit.
505 550 620 592 Nam
650 549 754 606 quia
785 549 1020 605 perierunt
1050 550 1246 592 carmina
1286 551 1522 594 Homerica
1562 555 1748 608 praeter

309 626 495 669 lliadem
518 629 564 669 et
582 626 842 682 Odysseam,
876 626 982 682 quid
1002 626 1225 669 Hesiodus
1258 627 1302 668 in
1333 628 1498 670 fabulis
1530 629 1748 684 fingendis

310 705 364 746 ab
396 703 496 746 aliis
528 705 759 746 mutuatus
792 703 871 753 sit,
914 703 1019 759 quid
1050 703 1145 760 ipse
1178 705 1427 758 novaverit,
1461 720 1645 761 prorsus
1676 721 1749 749 ne-

310 780 490 833 scinu-153
536 780 581 822 in
632 781 880 823 elocutione
929 783 1078 823 autem
1125 783 1402 837 quantopere
1447 784 1501 824 ab
1549 783 1748 840 exemplo

309 857 502 914 pendeat
520 857 753 899 Homerico
785 857 880 914 ipse
899 857 1098 900 Scottius
1131 857 1482 901 luculentissime
1515 860 1748 903 confirmat

309 950 349 991 p.
382 934 437 976 42
482 934 649 977 calculo
691 934 744 976 de
789 934 850 976 eis
895 949 1007 990 quae
1039 935 1155 991 apud
1187 935 1428 977 Hesiodum
1461 936 1748 980 inveniantur

309 1011 488 1054 vocibus
512 1011 759 1054 Homericis
792 1011 1018 1065 instituto,
1051 1012 1165 1055 unde
1198 1012 1343 1054 elucet
1375 1016 1470 1056 fere
1501 1014 1556 1055 83
1589 1029 1643 1056 ex
1667 1015 1750 1057 100

308 1088 490 1131 vocibus
522 1088 756 1131 Hesiodeis
803 1089 1019 1145 (exceptis
1051 1089 1299 1132 nominibus
1341 1090 1555 1146 propriis)
1589 1091 1749 1134 Home-

310 1165 426 1208 ricas
472 1181 580 1208 esse.
644 1165 805 1222 Itaque
849 1180 961 1221 nego
1004 1166 1140 1208 licere
1184 1166 1237 1208 de
1269 1167 1532 1209 elocutionis
1577 1168 1751 1224 quidem

308 1242 571 1284 Pindaricae
603 1242 753 1285 colore
785 1242 1019 1295 Hesiodeo,
1059 1243 1155 1285 dico
1188 1243 1322 1285 licere
1355 1244 1407 1286 de
1441 1244 1589 1287 colore
1622 1245 1744 1301 epico

308 1320 614 1376 quaestionem
644 1320 907 1372 instituere,
953 1335 1083 1377 quam
1114 1334 1139 1361 a
1172 1320 1281 1363 viris
1316 1321 1458 1364 doctis
1490 1325 1750 1364 nostrorum

306 1399 559 1454 temporum
589 1396 685 1439 fere
717 1397 966 1452 neglectam
997 1397 1085 1439 viri
1112 1397 1231 1439 docti
1248 1397 1548 1441 Alexandrini
1569 1399 1749 1455 dignam

309 1489 405 1516 esse
427 1477 718 1530 putaverunt,
751 1475 797 1516 in
819 1489 949 1531 quam
980 1476 1233 1517 accuratius
1256 1476 1549 1531 inquirerent.
1595 1477 1748 1532 Atque

306 1551 566 1594 Aristarchi
597 1567 754 1594 nomen
777 1552 1033 1608 saepissime
1065 1552 1111 1593 in
1143 1552 1321 1594 scholiis
1346 1553 1555 1606 occurrit,
1586 1554 1661 1596 ubi
1694 1553 1747 1596 de

307 1629 642 1685 quaestionibus
683 1629 740 1671 ad
772 1629 1066 1672 elocutionem
1106 1629 1437 1686 pertinentibus
1482 1631 1653 1685 agitur,
1703 1633 1749 1673 et

305 1707 416 1749 bene
460 1706 787 1750 demonstravit
832 1706 1058 1762 Eugenius
1105 1706 1284 1762 Horn2)
1328 1723 1367 1763 p.
1402 1709 1426 1748 7
1469 1715 1513 1749 et
1552 1708 1598 1749 11
1643 1708 1750 1749 Ari-

308 1783 536 1826 starchum
575 1798 662 1840 qua
704 1786 806 1825 erat
845 1784 1040 1826 imbutus
1081 1784 1239 1826 intima
1279 1784 1532 1839 cognitione
1564 1785 1748 1827 Homeri

308 1860 586 1917 aliorumque
616 1860 858 1903 carminum
891 1861 1135 1917 epicorum,
1185 1876 1316 1917 saepe
1348 1861 1548 1917 exempla
1582 1862 1748 1904 adscri-

306 1938 412 1979 bere
446 1937 580 1993 epica.
642 1936 919 1993 Fragmenta
950 1941 1125 1980 tantum
1164 1953 1217 1980 ex
1252 1939 1509 1980 Aristarchi
1540 1939 1750 1981 aliorum-

308 2028 391 2070 que
423 2014 624 2056 virorum
655 2014 899 2067 doctorum,
945 2015 1019 2070 qui
1050 2017 1154 2070 post
1187 2030 1284 2056 eum
1316 2014 1557 2057 elocutioni
1591 2015 1751 2058 Pinda-

307 2091 426 2133 ricae
460 2091 727 2143 studebant,
772 2091 1100 2134 commentariis
1135 2098 1319 2134 servata
1363 2107 1459 2134 esse
1499 2107 1630 2148 quam
1660 2108 1751 2135 ma-

306 2168 422 2211 xime
455 2167 651 2210 dolemus
684 2183 824 2224 neque
863 2168 976 2210 hanc
1006 2168 1207 2210 lacunam
1241 2169 1420 2224 explere
1452 2172 1606 2226 potest
1636 2185 1750 2212 com-

307 2245 526 2288 mentatio
559 2244 792 2287 Eustathii
804 2244 856 2299 3),
905 2246 978 2302 qui
1012 2246 1157 2302 capite
1190 2246 1306 2288 XVI
1339 2246 1539 2288 virorum
1570 2246 1750 2289 illorum

308 2322 446 2379 copiis
490 2322 613 2365 nisus
660 2322 713 2364 de
748 2322 961 2378 epithetis
995 2322 1244 2365 Pindaricis
1289 2324 1343 2365 ab
1385 2323 1583 2379 exemplo
1627 2323 1750 2380 epico

407 2523 440 2563 1)
467 2524 495 2554 A
533 2522 776 2565 comparative
811 2522 917 2568 study
953 2522 993 2556 of
1017 2522 1152 2557 Hesiod
1188 2522 1258 2556 and
1285 2522 1429 2557 Pindar.
1485 2523 1575 2557 Diss.
1616 2522 1656 2556 of
1689 2523 1751 2557 the

307 2587 585 2631 John-Hopkins
611 2588 817 2633 University
843 2589 1041 2623 Baltimore
1071 2592 1170 2624 1898.

402 2654 439 2697 2)
466 2654 751 2689 DeAristarchi
777 2654 905 2690 studiis
932 2655 1144 2690 Pindaricis.
1184 2655 1279 2690 Diss.
1308 2655 1570 2700 Gryphiswald.
1602 2658 1700 2690 1883.

405 2721 441 2765 3)
467 2721 684 2755 Εὐσταθίου
713 2749 718 2755 .
740 2750 746 2756 .
767 2749 773 2755 .
800 2720 980 2766 πρόλογος
997 2728 1070 2757 τῶν
1087 2724 1331 2765 Πινδαρικῶν
1350 2723 1592 2768 παρεκβολῶν
1618 2722 1749 2768 (edidit

308 2787 350 2820 E.
380 2787 474 2822 Abel
497 2787 535 2822 in
560 2788 685 2823 scholi.
712 2799 783 2823 rec.
810 2789 847 2822 in
872 2788 974 2824 Pind.
1003 2789 1056 2823 Ol.
1085 2793 1119 2823 et
1146 2790 1249 2834 Pyth.
1281 2790 1438 2824 Berolini
1466 2791 1581 2832 1891).
