2111 3303
1051 228 1074 267 {J

341 355 474 390 scere,
521 341 607 383 nisi
656 341 771 397 quod
817 340 925 383 dicit
971 356 1011 396 p.
1044 341 1095 392 4,
1144 341 1344 397 quamvis
1392 341 1515 397 epica
1562 340 1778 383 dialectus

338 418 674 460 fundamentum
705 418 831 474 quasi
864 418 923 460 sit
955 417 1134 472 linguae
1166 417 1453 469 Pindaricae,
1496 420 1645 460 tamen
1678 433 1779 461 nus-

341 509 468 551 quam
501 509 735 537 oeourrere
767 495 931 537 formas
964 493 1009 535 in
1048 511 1097 547 φι
1131 493 1383 536 desinentes
1421 519 1469 524 —-
1504 509 1612 550 quas
1646 494 1779 536 habet

338 571 503 626 Ibycus
545 571 601 613 fr.
635 572 683 621 2,
727 574 776 614 ut
806 571 886 613 hoc
918 570 1147 626 proferam
1179 597 1233 600 —
1265 573 1311 613 et
1342 571 1458 627 quod
1488 587 1529 627 p.
1562 571 1616 612 41
1650 586 1778 613 voces

337 663 447 704 quae
482 648 572 691 Sint
603 651 742 702 πατήρ
775 648 916 702 μάτηρ
949 648 1151 701 θυγάτηρ
1195 650 1360 701 γαστήρ
1392 648 1604 702 Δαμάτηρ
1646 648 1777 704 plane

338 724 562 781 epicorum
592 740 713 767 more
745 724 865 766 flecti
895 724 1096 766 adnotat.
1160 723 1332 767 Similia
1364 724 1617 779 tetigerunt
1651 724 1778 766 Chri-

337 802 521 857 stius¹)‚
570 802 645 858 qui
676 802 704 844 1.
737 802 765 843 l.
798 817 837 857 p.
871 802 928 843 80
959 816 1086 844 voces
1130 801 1283 857 quales
1317 801 1408 843 sint
1440 802 1630 856 ἠυγενής
1661 802 1775 843 εἰνά-

337 883 430 928 λιος
462 879 622 921 similia
667 904 724 909 -—
767 878 880 921 duae
911 878 1171 921 coniunctae
1201 878 1492 920 inveniuntur
1527 878 1560 919 P
1592 878 1658 919 IV
1693 879 1776 920 293

334 963 501 998 νοῦσον
532 955 779 1010 οὐλομέναν
810 981 864 986 -
898 956 1115 1011 originem
1138 955 1305 1012 epicam
1325 970 1435 1011 prae
1468 970 1513 997 se
1546 955 1669 997 ferre
1701 955 1776 997 ad-

335 1038 465 1075 notat
499 1059 551 1062 —
584 1032 684 1075 aliis
717 1032 761 1074 in
793 1034 946 1084 rebus,
992 1033 1208 1089 imprimis
1257 1032 1300 1074 111
1347 1032 1409 1075 eis
1445 1047 1554 1089 quae
1587 1032 1640 1074 de
1672 1032 1776 1074 Pin-

336 1109 435 1151 dari
458 1111 558 1151 arte
589 1112 634 1152 et
655 1109 832 1165 ingenio
858 1110 1039 1166 scripsit
1063 1110 1279 1152 dissentio
1313 1124 1409 1151 011111
1437 1109 1534 1152 viro
1567 1109 1698 1152 docto
1721 1135 1777 1139 -—

336 1189 382 1228 et
429 1186 811 1242 Schri›ederus²),
859 1187 934 1243 qui
977 1203 1018 1243 p.
1051 1187 1134 1228 ⁶2:23
1177 1186 1420 1228 Pindarum
1469 1201 1495 1228 a
1539 1186 1777 1228 vocalismo

334 1263 484 1306 Ionico
518 1273 562 1306 et
581 1264 737 1306 Attico
770 1279 816 1306 se
848 1264 1117 1306 abstinuisse
1149 1270 1309 1306 monet.
1359 1263 1561 1320 Denique
1593 1263 1645 1305 de
1679 1263 1780 1305 Pin-

335 1341 434 1383 dari
465 1341 612 1384 studio
645 1341 821 1384 nomina
853 1341 1069 1394 variandi,
1113 1342 1228 1397 quod
1269 1341 1314 1382 in
1345 1341 1563 1388 ludorum,
1608 1341 1777 1396 patria-

336 1433 445 1471 rum,
480 1418 714 1471 victorum,
760 1418 941 1460 deorum
973 1418 1222 1460 nominibus
1255 1420 1498 1474 appareat,
1543 1417 1778 1460 materiam

336 1495 578 1551 diligenter
597 1495 828 1537 collectam
845 1503 890 1537 et
905 1495 1126 1550 digestam
1143 1495 1355 1551 proponit
1367 1494 1554 1537 Carolus
1568 1493 1776 1550 Ritter3),

335 1571 409 1629 qui
442 1572 577 1614 etiam
619 1587 705 1628 qua
737 1576 838 1614 arte
869 1572 1092 1614 Pindarus
1135 1572 1333 1626 singulas
1378 1586 1531 1622 voces⁷
1579 1586 1692 1627 quae
1738 1572 1778 1613 ei

334 1649 522 1691 maxime
570 1649 693 1690 cordi
740 1651 868 1701 sunt,
922 1650 1213 1691 exornaverit
1259 1664 1300 1705 p.
1332 1649 1390 1690 44
1411 1664 1503 1705 sqq.
1549 1650 1658 1691 bene
1704 1648 1775 1690 de-

335 1728 572 1768 monstrat.

448 1803 576 1845 Novo
620 1818 805 1859 prorsus
850 1802 1138 1845 fundamento
1170 1803 1335 1845 nititur
1367 1802 1570 1859 quaestio
1604 1802 1656 1844 de
1689 1802 1776 1845 elo-

333 1880 509 1923 cutione
526 1880 777 1933 Pindariea,
810 1895 863 1922 ex
885 1895 970 1936 quo
991 1880 1219 1922 Fortunae
1240 1879 1451 1922 beneficio
1470 1881 1776 1933 μελιγλώσσου

333 1958 456 2012 χάρις
486 1958 627 2010 Κηίας
658 1957 848 2010 ἀηδόνος
878 1957 1004 1998 nobis
1041 1956 1208 1999 donata
1241 1960 1322 1999 est.
1386 1956 1453 1998 Ac
1491 1956 1543 1998 (10
1576 1956 1775 2012 Bacchy-

333 2033 438 2076 lidis
470 2033 668 2090 quidem,
713 2034 788 2090 qui
830 2033 1023 2076 colorem
1055 2033 1225 2090 epicum
1264 2036 1356 2076 tam
1397 2036 1555 2090 aperte
1586 2048 1695 2089 prae
1729 2049 1774 2076 se

334 2111 468 2165 ferat,
503 2111 750 2153 elocutione
793 2110 948 2153 statim
980 2111 1302 2167 quaesiverunt
1343 2125 1438 2152 eum
1471 2110 1548 2152 alii
1578 2113 1674 2152 tum
1706 2110 1777 2153 vir

335 2188 490 2231 doetus
531 2188 676 2230 Italus
709 2188 979 2230 Tommasini
993 2188 1050 2242 4),
1096 2187 1171 2244 qui
1214 2187 1558 2243 diligentissime
1601 2187 1776 2243 largam

332 2266 567 2308 materiam
599 2265 846 2321 proposuit.
882 2265 950 2307 eui
981 2265 1057 2306 vix
1087 2265 1226 2306 habeo
1259 2279 1370 2320 quae
1403 2264 1561 2307 addam
1595 2267 1777 2321 praeter

332 2344 539 2391 εὔτυκτος
577 2342 711 2384 κυνέα
750 2342 891 2385 XVII
923 2342 978 2384 50
994 2341 1025 2394 5)
1066 2362 1118 2377 =
1162 2343 1201 2382 Γ
1228 2342 1310 2383 336
1355 2344 1402 2384 et
1433 2356 1593 2385 novum
1623 2341 1777 2384 Aiacis

430 2474 462 2514 1)
490 2472 658 2515 Beitrage
684 2484 713 2506 z.
739 2471 898 2506 Dialekt.
926 2470 1090 2506 Pindars.
1141 2471 1248 2516 Bayr.
1274 2471 1425 2504 Sitzber.
1455 2473 1557 2504 1391.

428 2540 464 2581 2)
488 2538 561 2572 Zur
588 2538 746 2582 Sprache
772 2537 937 2572 Pindars.
989 2537 1083 2572 Berl.
1111 2537 1199 2581 phil.
1228 2536 1524 2571 Wochensehrift
1555 2539 1653 2571 1396.

428 2605 465 2648 3)
492 2605 586 2639 Diss.
616 2608 806 2648 Argentor.
836 2607 934 2638 1885.

430 2672 467 2716 4)
494 2671 695 2705 Imitazioni
730 2681 749 2705 e
775 2671 1032 2705 reminiscenze
1059 2671 1247 2705 Omeriche
1285 2670 1323 2704 in
1352 2669 1557 2704 Bacchilide
1584 2669 1700 2714 (stud.
1729 2670 1773 2703 I‘s.

334 2737 371 2772 di
396 2738 462 2771 Fil.
491 2738 594 2772 class*
622 2738 689 2771 VH
717 2740 785 2772 415
804 2742 909 2781 sqq).

429 2806 465 2847 5)
490 2805 581 2839 Utor
606 2804 740 2839 Blassii
769 2804 822 2839 ed.
849 2805 883 2839 II
