2111 3303
1044 202 1099 243 30

358 329 453 358 cam
483 314 751 357 locutionem
783 316 887 356 ἔπεα
917 317 1152 369 πτερόεντα
1172 315 1226 371 1);
1275 316 1461 373 denique
1478 316 1661 360 Aiacem
1682 333 1723 361 v.
1742 319 1796 360 27

358 392 591 444 κράτιστον
628 391 845 445 Ἀχιλλέος
888 392 988 444 ἄτερ
1032 391 1146 434 dixit
1193 392 1310 434 sicut
1347 392 1568 436 Homerus
1613 394 1728 437 dixit
1759 394 1797 436 B

358 468 502 522 768l9‚
536 468 776 510 Homerum
807 470 985 510 secutus
1017 468 1210 511 Alcaeus
1243 470 1424 522 ἄριστον
1464 470 1556 511 πεδ’
1586 470 1796 525 Ἀχίλλεα.

473 543 576 586 Una
614 543 756 598 igitur
798 543 914 600 quod
959 544 1015 586 acl
1060 545 1253 587 colorem
1299 545 1468 601 epicum
1513 546 1683 589 attinet
1728 549 1826 589 est·

358 620 574 673 elocutio,
623 635 709 676 qua
740 620 936 663 carmina
967 620 1205 664 Pindarica
1237 622 1482 678 composita
1513 624 1639 675 sunt,
1687 637 1798 679 quae

357 700 509 739 tamen
538 712 626 739 non
657 697 842 739 Pindari
874 697 1010 740 solius
1042 697 1229 754 propria
1260 700 1330 740 est
1361 724 1414 729 —
1456 698 1518 741 sic
1549 714 1637 741 non
1667 699 1797 742 intel-

358 773 590 829 legeretur
622 773 915 816 elocutionem
947 789 1034 816 non
1079 789 1166 817 una
1197 789 1294 817 cum
1323 777 1484 831 poetae
1531 780 1577 817 et
1607 775 1798 818 hominis

357 865 626 906 progressu,
675 865 803 906 quem
835 851 914 892 sub
948 850 1084 893 oculis
1117 850 1351 903 habemus,
1399 852 1566 894 mutari
1600 877 1671 905 —‚
1721 852 1798 894 sed

358 926 479 969 illius
512 927 753 969 carminum
785 927 961 982 generis
995 927 1104 970 adeo
1137 928 1376 970 communis
1418 931 1508 981 est,
1551 931 1604 970 ut
1633 928 1798 971 Pinda-

359 1003 498 1046 ricum
541 1004 655 1046 illud
697 1003 754 1045 fr.
788 1004 869 1046 169
911 1006 1045 1058 νόμος
1085 1005 1106 1046 ὁ
1148 1005 1326 1046 πάντων
1365 1007 1574 1058 βασιλεύς
1620 1005 1718 1047 iure
1758 1006 1798 1047 ei

358 1080 542 1123 inscribi
574 1080 774 1136 possit2).
839 1080 972 1122 Cuius
1014 1081 1081 1122 rei
1119 1080 1394 1123 luculentum
1437 1089 1505 1124 est
1551 1082 1798 1138 exemplum

359 1172 537 1200 carmen
578 1157 690 1199 illud
734 1156 768 1199 O
802 1157 866 1209 V,
914 1157 1031 1213 quod
1074 1173 1177 1198 num
1220 1172 1326 1200 vere
1372 1158 1655 1200 Pindaricum
1702 1173 1798 1201 esse

361 1234 555 1276 dicamus
589 1248 684 1276 cum
717 1233 975 1277 Godofredo
1007 1233 1262 1276 Hermanno
1277 1233 1308 1289 3)
1340 1249 1397 1277 an
1427 1235 1670 1277 imitatoris
1703 1250 1799 1277 cum

359 1310 599 1354 Leutschio
615 1310 648 1365 4)
680 1310 885 1352 Jurenka
899 1310 931 1365 5)
963 1310 1313 1353 VVilamowitzio
1334 1311 1366 1366 ⁶)
1399 1311 1522 1364 aliis,
1571 1327 1625 1354 ex
1656 1311 1798 1354 elocu-

359 1387 482 1430 tione
521 1387 597 1429 vix
637 1387 866 1444 quisquam
897 1387 1179 1442 diiudicabit3
1225 1387 1419 1430 contulit
1463 1388 1660 1444 singulas
1703 1387 1799 1430 fere

360 1479 488 1507 voces
522 1479 617 1506 cum
647 1464 838 1507 aliorum
860 1464 1102 1506 carminum
1132 1463 1240 1507 locis
1271 1464 1486 1507 similibus
1504 1465 1738 1521 Mezgerus
1754 1464 1796 1519 ⁷),

361 1540 439 1583 sed
469 1556 654 1597 prorsus
703 1541 853 1583 eadem
897 1543 967 1583 est
998 1540 1213 1593 elocutio,
1259 1541 1375 1596 quod
1417 1541 1592 1598 quidem
1632 1541 1688 1584 ad
1731 1556 1798 1584 co-

358 1617 499 1660 lorem
531 1618 700 1674 epicum
731 1617 921 1670 attinet,
975 1632 1103 1673 quem
1147 1617 1400 1673 significant
1441 1618 1634 1660 formula
1675 1618 1799 1675 epica

360 1710 401 1736 v,
436 1695 489 1736 18
530 1694 639 1748 εὐρὺ
681 1694 794 1749 ῥέων
829 1714 879 1729 --
914 1694 949 1735 Β
981 1694 1089 1745 849,
1138 1709 1225 1736 vox
1265 1694 1389 1750 epica
1433 1696 1644 1749 ὑψίζυγος
1685 1695 1798 1738 satis

360 1771 605 1814 infeliciter
646 1771 692 1813 in
724 1772 945 1826 ὑψινεφής
976 1787 1016 1813 v.
1054 1771 1105 1812 18
1145 1774 1340 1822 mutata,
1383 1787 1477 1814 cum
1523 1787 1651 1815 voces
1692 1787 1799 1814 vere

358 1847 624 1890 Pindaricae
655 1848 943 1890 inveniantur
975 1862 1015 1889 v.
1050 1848 1071 1888 1
1106 1849 1261 1901 ἄωτον,
1306 1863 1344 1890 v.
1378 1848 1429 1889 21
1465 1849 1720 1890 δαιδάλλειν
1752 1851 1801 1891 et

360 1925 405 1967 id
436 1925 553 1981 quod
573 1925 886 1980 gravissimum
919 1927 989 1967 est
1009 1939 1152 1980 neque
1173 1924 1427 1980 neglectum
1459 1940 1483 1966 a
1506 1925 1618 1967 viris
1641 1925 1799 1979 doctis,

361 2016 397 2044 e.
428 2017 496 2058 gr.
530 2003 584 2044 ab
617 2001 821 2044 Jurenka
851 2001 880 2043 l.
913 2001 942 2043 l.
973 2016 1014 2058 p.
1049 2001 1115 2053 14,
1151 2016 1190 2042 v.
1223 2002 1248 2042 3
1281 2001 1640 2055 ἀκαμαντόπους,
1685 2002 1800 2058 quod

361 2084 600 2135 praeterea
631 2078 828 2121 occurrit
861 2079 896 2121 O
929 2078 998 2121 IV
1033 2080 1068 2121 1.
1132 2078 1338 2121 Elocutio
1370 2078 1511 2134 igitur
1550 2083 1680 2122 ansas
1712 2094 1801 2121 non

360 2157 549 2212 praebet
580 2155 636 2198 ad
667 2171 760 2198 rem
792 2155 1115 2198 diiudicandem
1146 2157 1280 2211 atque
1310 2155 1357 2197 in
1390 2170 1439 2198 eo
1471 2155 1587 2212 quod
1619 2156 1672 2198 de
1704 2171 1799 2198 sen·

361 2233 517 2275 tentiis
551 2236 596 2275 et
628 2232 681 2275 de
704 2232 1020 2288 compositione
1050 2231 1286 2288 utriusque
1304 2232 1511 2275 carminis
1543 2235 1589 2275 et
1620 2231 1674 2275 de
1706 2233 1800 2274 uni-

460 2376 494 2418 1)
522 2374 678 2408 Similius
705 2375 726 2408 J
752 2375 784 2407 V
811 2377 854 2408 63
882 2372 1084 2416 πτερόεντα
1109 2372 1238 2419 ὕμνον.

458 2442 495 2484 2)
523 2440 575 2474 Cf.
604 2451 646 2475 ea
672 2440 716 2475 de
742 2451 781 2475 re
808 2440 1043 2475 disserentem
1061 2441 1376 2476 Wilamowitzium
1405 2441 1502 2486 lsylli
1528 2453 1561 2486 p.
1581 2443 1645 2476 166
1672 2440 1752 2476 adn.
1770 2444 1801 2477 5.

457 2509 492 2552 3)
521 2507 689 2551 Opuscul.
716 2508 801 2541 VIII
829 2510 872 2542 99
887 2519 975 2551 sqq„
1002 2507 1062 2541 ubi
1088 2508 1217 2542 festive
1244 2508 1475 2542 Leutschium
1501 2508 1695 2544 recensuit.

456 2576 492 2618 4)
521 2575 699 2618 Philologi
724 2575 740 2608 Ι
772 2577 846 2608 116.

456 2644 492 2685 5)
520 2641 620 2676 Stud.
651 2641 802 2675 Vindob.
830 2641 931 2675 XVII
960 2644 1000 2676 15
1015 2652 1091 2685 sqq.

457 2711 492 2752 6)
521 2709 656 2743 Hieron
682 2719 715 2742 u.
742 2708 878 2742 Pindar
903 2720 935 2752 p.
968 2710 1066 2743 1306.

459 2777 494 2819 7)
522 2774 675 2810 Pindars
702 2773 940 2819 Siegeslieder
966 2775 1104 2810 erklurt
1129 2775 1294 2819 (Leipzig
1324 2776 1426 2819 1888)
1453 2786 1485 2818 p.
1517 2776 1582 2808 146
1596 2784 1673 2818 sqq.
