<?xml version="1.0" encoding="UTF-8"?>
<!DOCTYPE html PUBLIC "-//W3C//DTD XHTML 1.0 Transitional//EN"
    "http://www.w3.org/TR/xhtml1/DTD/xhtml1-transitional.dtd">
<html xmlns="http://www.w3.org/1999/xhtml" xml:lang="en" lang="en">
 <head>
  <title>
</title>
<meta http-equiv="Content-Type" content="text/html;charset=utf-8" />
  <meta name='ocr-system' content='tesseract 3.04.00' />
  <meta name='ocr-capabilities' content='ocr_page ocr_carea ocr_par ocr_line ocrx_word'/>
</head>
<body>
  <div class='ocr_page' id='page_1' title='image "./deelocutionispin00schuuoft_0018.png"; bbox 0 0 2111 3303; ppageno 0'>
   <div class='ocr_carea' id='block_1_1' title="bbox 1053 250 1105 289">
    <p class='ocr_par' dir='ltr' id='par_1_1' title="bbox 1053 250 1105 289">
     <span class='ocr_line' id='line_1_1' title="bbox 1053 250 1105 289; baseline 0 0"><span class='ocrx_word' id='word_1_1' title='bbox 1053 250 1105 289; x_wconf 85' lang='lat'>14</span> 
     </span>
    </p>
   </div>
   <div class='ocr_carea' id='block_1_2' title="bbox 358 362 1799 2570">
    <p class='ocr_par' dir='ltr' id='par_1_2' title="bbox 358 362 1799 1723">
     <span class='ocr_line' id='line_1_2' title="bbox 361 362 1798 420; baseline 0 -16"><span class='ocrx_word' id='word_1_2' title='bbox 361 362 737 419; x_wconf 87' lang='lat' dir='ltr'>locupletissimus</span> <span class='ocrx_word' id='word_1_3' title='bbox 769 365 1069 419; x_wconf 74' lang='lat' dir='ltr'>proponatur,</span> <span class='ocrx_word' id='word_1_4' title='bbox 1113 362 1242 404; x_wconf 88' lang='lat' dir='ltr'>docet</span> <span class='ocrx_word' id='word_1_5' title='bbox 1274 362 1590 416; x_wconf 72' lang='lat' dir='ltr'>Aristarchus,</span> <span class='ocrx_word' id='word_1_6' title='bbox 1636 364 1711 420; x_wconf 86' lang='lat' dir='ltr'>qui</span> <span class='ocrx_word' id='word_1_7' title='bbox 1742 362 1798 406; x_wconf 86' lang='lat' dir='ltr'>ad</span> 
     </span>
     <span class='ocr_line' id='line_1_3' title="bbox 359 438 1798 496; baseline 0.001 -15"><span class='ocrx_word' id='word_1_8' title='bbox 359 440 446 481; x_wconf 79' lang='lat' dir='ltr'>v.8</span> <span class='ocrx_word' id='word_1_9' title='bbox 478 440 525 481; x_wconf 85' lang='grc' dir='ltr'><em>ἐν</em></span> <span class='ocrx_word' id='word_1_10' title='bbox 546 439 828 493; x_wconf 78' lang='grc' dir='ltr'><em>ἀργεννόεντι</em></span> <span class='ocrx_word' id='word_1_11' title='bbox 859 446 1009 496; x_wconf 79' lang='grc' dir='ltr'><em>μαστῷ</em></span> <span class='ocrx_word' id='word_1_12' title='bbox 1041 439 1086 480; x_wconf 89' lang='lat' dir='ltr'>in</span> <span class='ocrx_word' id='word_1_13' title='bbox 1119 438 1296 481; x_wconf 81' lang='lat' dir='ltr'>scholiis</span> <span class='ocrx_word' id='word_1_14' title='bbox 1329 439 1506 481; x_wconf 81' lang='lat' dir='ltr'>confert</span> <span class='ocrx_word' id='word_1_15' title='bbox 1535 439 1678 482; x_wconf 91' lang='lat' dir='ltr'>locum</span> <span class='ocrx_word' id='word_1_16' title='bbox 1707 440 1798 483; x_wconf 90' lang='lat' dir='ltr'>Ho-</span> 
     </span>
     <span class='ocr_line' id='line_1_4' title="bbox 359 513 1798 572; baseline 0.001 -14"><span class='ocrx_word' id='word_1_17' title='bbox 359 516 568 558; x_wconf 89' lang='lat' dir='ltr'>mericum</span> <span class='ocrx_word' id='word_1_18' title='bbox 611 515 635 557; x_wconf 87' lang='grc' dir='ltr'><strong>Ι</strong></span> <span class='ocrx_word' id='word_1_19' title='bbox 678 515 757 556; x_wconf 75' lang='grc'>141</span> <span class='ocrx_word' id='word_1_20' title='bbox 821 513 965 569; x_wconf 80' lang='grc' dir='ltr'>οὖθαρ</span> <span class='ocrx_word' id='word_1_21' title='bbox 1027 515 1241 569; x_wconf 78' lang='grc' dir='ltr'><em>ἀρούρης,</em></span> <span class='ocrx_word' id='word_1_22' title='bbox 1304 518 1426 557; x_wconf 82' lang='lat' dir='ltr'>recte</span> <span class='ocrx_word' id='word_1_23' title='bbox 1484 515 1560 558; x_wconf 88' lang='lat' dir='ltr'>ille</span> <span class='ocrx_word' id='word_1_24' title='bbox 1623 517 1798 572; x_wconf 88' lang='lat' dir='ltr'>quidem</span> 
     </span>
     <span class='ocr_line' id='line_1_5' title="bbox 360 591 1799 649; baseline 0.001 -16"><span class='ocrx_word' id='word_1_25' title='bbox 360 592 563 648; x_wconf 85' lang='lat' dir='ltr'>viamque</span> <span class='ocrx_word' id='word_1_26' title='bbox 604 591 729 634; x_wconf 89' lang='lat' dir='ltr'>nobis</span> <span class='ocrx_word' id='word_1_27' title='bbox 777 594 1112 634; x_wconf 74' lang='lat' dir='ltr'><strong>monstraturus</strong></span> <span class='ocrx_word' id='word_1_28' title='bbox 1159 591 1274 633; x_wconf 87' lang='lat' dir='ltr'>sicut</span> <span class='ocrx_word' id='word_1_29' title='bbox 1319 591 1581 645; x_wconf 73' lang='lat' dir='ltr'>scholiasta,</span> <span class='ocrx_word' id='word_1_30' title='bbox 1625 593 1700 649; x_wconf 85' lang='lat' dir='ltr'>qui</span> <span class='ocrx_word' id='word_1_31' title='bbox 1741 593 1799 636; x_wconf 91' lang='lat' dir='ltr'>ad</span> 
     </span>
     <span class='ocr_line' id='line_1_6' title="bbox 364 667 1798 724; baseline 0.001 -14"><span class='ocrx_word' id='word_1_32' title='bbox 364 685 403 710; x_wconf 84' lang='lat' dir='ltr'>v.</span> <span class='ocrx_word' id='word_1_33' title='bbox 438 670 492 711; x_wconf 81' lang='lat'>70</span> <span class='ocrx_word' id='word_1_34' title='bbox 523 669 785 710; x_wconf 84' lang='lat' dir='ltr'>brevissime</span> <span class='ocrx_word' id='word_1_35' title='bbox 818 668 1026 710; x_wconf 86' lang='lat' dir='ltr'>adnotat:</span> <span class='ocrx_word' id='word_1_36' title='bbox 1064 667 1277 724; x_wconf 78' lang='grc' dir='ltr'><em>Ὁμηρικῷ</em></span> <span class='ocrx_word' id='word_1_37' title='bbox 1310 670 1420 724; x_wconf 80' lang='grc' dir='ltr'><em>ζήλῳ</em></span> <span class='ocrx_word' id='word_1_38' title='bbox 1451 669 1556 722; x_wconf 84' lang='grc' dir='ltr'><em>μετὰ</em></span> <span class='ocrx_word' id='word_1_39' title='bbox 1584 670 1663 722; x_wconf 85' lang='grc' dir='ltr'><em>τὴν</em></span> <span class='ocrx_word' id='word_1_40' title='bbox 1695 669 1798 722; x_wconf 80' lang='grc' dir='ltr'><em>ἐρώ-</em></span> 
     </span>
     <span class='ocr_line' id='line_1_7' title="bbox 362 744 1799 799; baseline 0.001 -12"><span class='ocrx_word' id='word_1_41' title='bbox 362 757 490 799; x_wconf 89' lang='grc' dir='ltr'><em>τησιν</em></span> <span class='ocrx_word' id='word_1_42' title='bbox 520 745 670 798; x_wconf 77' lang='grc' dir='ltr'><em>ἐπάγει</em></span> <span class='ocrx_word' id='word_1_43' title='bbox 702 746 751 787; x_wconf 86' lang='grc' dir='ltr'>τὸ</span> <span class='ocrx_word' id='word_1_44' title='bbox 783 750 951 795; x_wconf 73' lang='grc' dir='ltr'><em>αἴτιον,</em></span> <span class='ocrx_word' id='word_1_45' title='bbox 995 745 1089 787; x_wconf 90' lang='lat' dir='ltr'>loco</span> <span class='ocrx_word' id='word_1_46' title='bbox 1122 744 1356 787; x_wconf 86' lang='lat' dir='ltr'>Homerico</span> <span class='ocrx_word' id='word_1_47' title='bbox 1399 760 1488 787; x_wconf 91' lang='lat' dir='ltr'>non</span> <span class='ocrx_word' id='word_1_48' title='bbox 1532 745 1706 799; x_wconf 84' lang='lat' dir='ltr'>addito;</span> <span class='ocrx_word' id='word_1_49' title='bbox 1753 746 1799 788; x_wconf 89' lang='lat' dir='ltr'>in</span> 
     </span>
     <span class='ocr_line' id='line_1_8' title="bbox 360 821 1797 878; baseline 0.001 -15"><span class='ocrx_word' id='word_1_50' title='bbox 360 824 508 864; x_wconf 88' lang='lat' dir='ltr'>mente</span> <span class='ocrx_word' id='word_1_51' title='bbox 541 824 754 863; x_wconf 80' lang='lat' dir='ltr'>versatur</span> <span class='ocrx_word' id='word_1_52' title='bbox 786 821 829 863; x_wconf 85' lang='lat' dir='ltr'>A</span> <span class='ocrx_word' id='word_1_53' title='bbox 862 822 927 875; x_wconf 85' lang='lat'>11,</span> <span class='ocrx_word' id='word_1_54' title='bbox 967 836 1093 878; x_wconf 89' lang='lat' dir='ltr'>quem</span> <span class='ocrx_word' id='word_1_55' title='bbox 1124 821 1267 864; x_wconf 88' lang='lat' dir='ltr'>locum</span> <span class='ocrx_word' id='word_1_56' title='bbox 1297 821 1547 864; x_wconf 82' lang='lat' dir='ltr'>Boeckhius</span> <span class='ocrx_word' id='word_1_57' title='bbox 1579 822 1797 865; x_wconf 80' lang='lat' dir='ltr'>laudavit.</span> 
     </span>
     <span class='ocr_line' id='line_1_9' title="bbox 358 898 1798 954; baseline 0.001 -14"><span class='ocrx_word' id='word_1_58' title='bbox 358 898 489 940; x_wconf 85' lang='lat' dir='ltr'>Addo</span> <span class='ocrx_word' id='word_1_59' title='bbox 524 898 657 940; x_wconf 81' lang='lat' dir='ltr'>simili</span> <span class='ocrx_word' id='word_1_60' title='bbox 688 898 816 941; x_wconf 85' lang='lat' dir='ltr'>modo</span> <span class='ocrx_word' id='word_1_61' title='bbox 843 898 1121 941; x_wconf 88' lang='lat' dir='ltr'>Homericum</span> <span class='ocrx_word' id='word_1_62' title='bbox 1153 914 1278 941; x_wconf 89' lang='lat' dir='ltr'>usum</span> <span class='ocrx_word' id='word_1_63' title='bbox 1311 899 1435 954; x_wconf 89' lang='lat' dir='ltr'>sequi</span> <span class='ocrx_word' id='word_1_64' title='bbox 1453 899 1798 953; x_wconf 84' lang='lat' dir='ltr'>Bacchylideum</span> 
     </span>
     <span class='ocr_line' id='line_1_10' title="bbox 358 972 1798 1030; baseline 0.001 -14"><span class='ocrx_word' id='word_1_65' title='bbox 358 975 472 1017; x_wconf 88' lang='lat' dir='ltr'>illud</span> <span class='ocrx_word' id='word_1_66' title='bbox 502 975 615 1017; x_wconf 73' lang='lat' dir='ltr'>XIV</span> <span class='ocrx_word' id='word_1_67' title='bbox 646 975 723 1017; x_wconf 84' lang='lat'>47:</span> <span class='ocrx_word' id='word_1_68' title='bbox 770 978 943 1029; x_wconf 84' lang='grc' dir='ltr'><em>Μοῦσα,</em></span> <span class='ocrx_word' id='word_1_69' title='bbox 977 979 1042 1024; x_wconf 82' lang='grc' dir='ltr'>τίς</span> <span class='ocrx_word' id='word_1_70' title='bbox 1073 983 1244 1029; x_wconf 83' lang='grc' dir='ltr'><em>πρῶτος</em></span> <span class='ocrx_word' id='word_1_71' title='bbox 1276 978 1420 1028; x_wconf 78' lang='grc' dir='ltr'><em>λόγων</em></span> <span class='ocrx_word' id='word_1_72' title='bbox 1451 972 1582 1030; x_wconf 81' lang='grc' dir='ltr'><em>ἆρχεν</em></span> <span class='ocrx_word' id='word_1_73' title='bbox 1615 977 1798 1018; x_wconf 79' lang='grc' dir='ltr'><em>δικαίων</em></span> 
     </span>
     <span class='ocr_line' id='line_1_11' title="bbox 358 1051 1796 1108; baseline 0 -14"><span class='ocrx_word' id='word_1_74' title='bbox 358 1054 406 1094; x_wconf 92' lang='lat' dir='ltr'>et</span> <span class='ocrx_word' id='word_1_75' title='bbox 436 1051 625 1108; x_wconf 85' lang='lat' dir='ltr'>duplicis</span> <span class='ocrx_word' id='word_1_76' title='bbox 659 1051 945 1108; x_wconf 74' lang='lat' dir='ltr'>quaestionis,</span> <span class='ocrx_word' id='word_1_77' title='bbox 980 1051 1154 1107; x_wconf 85' lang='lat' dir='ltr'>qualem</span> <span class='ocrx_word' id='word_1_78' title='bbox 1185 1053 1371 1107; x_wconf 80' lang='lat' dir='ltr'>praebet</span> <span class='ocrx_word' id='word_1_79' title='bbox 1408 1051 1442 1092; x_wconf 84' lang='lat' dir='ltr'>P</span> <span class='ocrx_word' id='word_1_80' title='bbox 1479 1052 1560 1103; x_wconf 85' lang='lat' dir='ltr'>IV,</span> <span class='ocrx_word' id='word_1_81' title='bbox 1597 1053 1796 1108; x_wconf 75' lang='lat' dir='ltr'>quamvis</span> 
     </span>
     <span class='ocr_line' id='line_1_12' title="bbox 361 1128 1796 1184; baseline 0 -13"><span class='ocrx_word' id='word_1_82' title='bbox 361 1129 498 1171; x_wconf 85' lang='lat' dir='ltr'>aliter</span> <span class='ocrx_word' id='word_1_83' title='bbox 539 1130 734 1171; x_wconf 83' lang='lat' dir='ltr'>formata</span> <span class='ocrx_word' id='word_1_84' title='bbox 776 1128 856 1181; x_wconf 80' lang='lat' dir='ltr'>sit,</span> <span class='ocrx_word' id='word_1_85' title='bbox 900 1128 1147 1184; x_wconf 80' lang='lat' dir='ltr'>exemplum</span> <span class='ocrx_word' id='word_1_86' title='bbox 1190 1143 1287 1170; x_wconf 92' lang='lat' dir='ltr'>esse</span> <span class='ocrx_word' id='word_1_87' title='bbox 1317 1128 1600 1171; x_wconf 87' lang='lat' dir='ltr'>Homericum</span> <span class='ocrx_word' id='word_1_88' title='bbox 1631 1133 1672 1170; x_wconf 89' lang='lat' dir='ltr'><em>E</em></span> <span class='ocrx_word' id='word_1_89' title='bbox 1700 1130 1796 1172; x_wconf 81' lang='lat'>703.</span> 
     </span>
     <span class='ocr_line' id='line_1_13' title="bbox 359 1205 1797 1261; baseline -0.001 -13"><span class='ocrx_word' id='word_1_90' title='bbox 359 1206 561 1261; x_wconf 87' lang='lat' dir='ltr'>Denique</span> <span class='ocrx_word' id='word_1_91' title='bbox 605 1220 761 1247; x_wconf 88' lang='lat' dir='ltr'>versus</span> <span class='ocrx_word' id='word_1_92' title='bbox 793 1206 845 1246; x_wconf 75' lang='lat'>81</span> <span class='ocrx_word' id='word_1_93' title='bbox 882 1207 1152 1258; x_wconf 77' lang='grc' dir='ltr'><em>φρίσσοντας</em></span> <span class='ocrx_word' id='word_1_94' title='bbox 1184 1206 1422 1259; x_wconf 53' lang='grc' dir='ltr'><em>ὅμβρουςι)</em></span> <span class='ocrx_word' id='word_1_95' title='bbox 1464 1205 1797 1261; x_wconf 81' lang='lat' dir='ltr'>interpretatur</span> 
     </span>
     <span class='ocr_line' id='line_1_14' title="bbox 360 1281 1796 1336; baseline 0 -12"><span class='ocrx_word' id='word_1_96' title='bbox 360 1282 625 1325; x_wconf 77' lang='lat' dir='ltr'>scholiasta:</span> <span class='ocrx_word' id='word_1_97' title='bbox 661 1281 740 1323; x_wconf 85' lang='grc' dir='ltr'>οὐκ</span> <span class='ocrx_word' id='word_1_98' title='bbox 763 1281 923 1331; x_wconf 86' lang='grc' dir='ltr'><em>αὐτοὺς</em></span> <span class='ocrx_word' id='word_1_99' title='bbox 944 1285 1225 1336; x_wconf 79' lang='grc' dir='ltr'><em>φρίσσοντας,</em></span> <span class='ocrx_word' id='word_1_100' title='bbox 1260 1281 1368 1323; x_wconf 81' lang='grc' dir='ltr'><em>ἀλλὰ</em></span> <span class='ocrx_word' id='word_1_101' title='bbox 1392 1285 1597 1335; x_wconf 82' lang='grc' dir='ltr'><em>φρίσσειν</em></span> <span class='ocrx_word' id='word_1_102' title='bbox 1618 1289 1796 1325; x_wconf 87' lang='grc' dir='ltr'><em>ποιοῦν-</em></span> 
     </span>
     <span class='ocr_line' id='line_1_15' title="bbox 359 1358 1796 1412; baseline 0 -11"><span class='ocrx_word' id='word_1_103' title='bbox 359 1376 434 1408; x_wconf 85' lang='grc' dir='ltr'>τας</span> <span class='ocrx_word' id='word_1_104' title='bbox 477 1359 640 1401; x_wconf 85' lang='lat' dir='ltr'>collato</span> <span class='ocrx_word' id='word_1_105' title='bbox 688 1362 721 1399; x_wconf 94' lang='lat' dir='ltr'><em>Z</em></span> <span class='ocrx_word' id='word_1_106' title='bbox 754 1359 835 1400; x_wconf 66' lang='lat'>13⁵2</span> <span class='ocrx_word' id='word_1_107' title='bbox 867 1358 1152 1412; x_wconf 82' lang='grc' dir='ltr'><em>μαινομένοιο</em></span> <span class='ocrx_word' id='word_1_108' title='bbox 1185 1360 1430 1400; x_wconf 86' lang='grc' dir='ltr'><em>Διονύσοιο</em></span> <span class='ocrx_word' id='word_1_109' title='bbox 1483 1360 1529 1400; x_wconf 89' lang='lat' dir='ltr'>et</span> <span class='ocrx_word' id='word_1_110' title='bbox 1571 1362 1677 1401; x_wconf 89' lang='lat' dir='ltr'>noto</span> <span class='ocrx_word' id='word_1_111' title='bbox 1717 1359 1796 1401; x_wconf 87' lang='lat' dir='ltr'>illo</span> 
     </span>
     <span class='ocr_line' id='line_1_16' title="bbox 360 1434 1799 1492; baseline 0 -14"><span class='ocrx_word' id='word_1_112' title='bbox 360 1437 532 1490; x_wconf 84' lang='grc' dir='ltr'><em>χλωρὸν</em></span> <span class='ocrx_word' id='word_1_113' title='bbox 574 1435 694 1488; x_wconf 74' lang='grc' dir='ltr'><em>δέος,</em></span> <span class='ocrx_word' id='word_1_114' title='bbox 739 1435 855 1492; x_wconf 83' lang='lat' dir='ltr'>quod</span> <span class='ocrx_word' id='word_1_115' title='bbox 898 1451 951 1477; x_wconf 82' lang='lat' dir='ltr'>ex</span> <span class='ocrx_word' id='word_1_116' title='bbox 993 1434 1360 1487; x_wconf 77' lang='lat' dir='ltr'>scholiastarum,</span> <span class='ocrx_word' id='word_1_117' title='bbox 1408 1435 1622 1492; x_wconf 82' lang='lat' dir='ltr'>Apolloni</span> <span class='ocrx_word' id='word_1_118' title='bbox 1665 1435 1799 1478; x_wconf 79' lang='lat' dir='ltr'>lexici</span> 
     </span>
     <span class='ocr_line' id='line_1_17' title="bbox 358 1512 1797 1569; baseline 0 -14"><span class='ocrx_word' id='word_1_119' title='bbox 358 1513 586 1555; x_wconf 86' lang='lat' dir='ltr'>Homerici</span> <span class='ocrx_word' id='word_1_120' title='bbox 608 1512 682 1555; x_wconf 85' lang='lat' dir='ltr'>all.</span> <span class='ocrx_word' id='word_1_121' title='bbox 707 1512 1003 1569; x_wconf 81' lang='lat' dir='ltr'>explicatione</span> <span class='ocrx_word' id='word_1_122' title='bbox 1036 1517 1105 1554; x_wconf 91' lang='lat' dir='ltr'>est</span> <span class='ocrx_word' id='word_1_123' title='bbox 1137 1514 1184 1554; x_wconf 91' lang='grc' dir='ltr'>τὸ</span> <span class='ocrx_word' id='word_1_124' title='bbox 1206 1515 1496 1567; x_wconf 79' lang='grc' dir='ltr'><em>χλωροποιόν,</em></span> <span class='ocrx_word' id='word_1_125' title='bbox 1527 1513 1643 1556; x_wconf 90' lang='lat' dir='ltr'>unde</span> <span class='ocrx_word' id='word_1_126' title='bbox 1674 1519 1797 1556; x_wconf 87' lang='lat' dir='ltr'>recte</span> 
     </span>
     <span class='ocr_line' id='line_1_18' title="bbox 361 1589 1796 1645; baseline 0 -13"><span class='ocrx_word' id='word_1_127' title='bbox 361 1590 602 1633; x_wconf 85' lang='lat' dir='ltr'>scholiasta</span> <span class='ocrx_word' id='word_1_128' title='bbox 642 1589 698 1632; x_wconf 85' lang='lat' dir='ltr'>ad</span> <span class='ocrx_word' id='word_1_129' title='bbox 729 1593 777 1631; x_wconf 94' lang='lat' dir='ltr'><strong><em>N</em></strong></span> <span class='ocrx_word' id='word_1_130' title='bbox 803 1589 922 1631; x_wconf 82' lang='lat' dir='ltr'>VHI</span> <span class='ocrx_word' id='word_1_131' title='bbox 953 1590 1009 1631; x_wconf 82' lang='lat'>40</span> <span class='ocrx_word' id='word_1_132' title='bbox 1041 1592 1097 1645; x_wconf 84' lang='lat' dir='ltr'>(p.</span> <span class='ocrx_word' id='word_1_133' title='bbox 1121 1590 1218 1639; x_wconf 77' lang='lat'>248,</span> <span class='ocrx_word' id='word_1_134' title='bbox 1239 1590 1291 1630; x_wconf 79' lang='lat'>12</span> <span class='ocrx_word' id='word_1_135' title='bbox 1325 1589 1457 1644; x_wconf 80' lang='lat' dir='ltr'>Abel)</span> <span class='ocrx_word' id='word_1_136' title='bbox 1488 1594 1675 1644; x_wconf 79' lang='grc' dir='ltr'><em>χλωροῖς</em></span> <span class='ocrx_word' id='word_1_137' title='bbox 1708 1590 1796 1645; x_wconf 83' lang='grc' dir='ltr'><em>ἐέρ-</em></span> 
     </span>
     <span class='ocr_line' id='line_1_19' title="bbox 360 1667 1274 1723; baseline -0.001 -14"><span class='ocrx_word' id='word_1_138' title='bbox 360 1679 457 1717; x_wconf 88' lang='grc' dir='ltr'><em>σαις</em></span> <span class='ocrx_word' id='word_1_139' title='bbox 486 1667 822 1723; x_wconf 83' lang='lat' dir='ltr'>interpretatur</span> <span class='ocrx_word' id='word_1_140' title='bbox 853 1675 944 1715; x_wconf 85' lang='grc' dir='ltr'><em>τοῖς</em></span> <span class='ocrx_word' id='word_1_141' title='bbox 972 1669 1274 1721; x_wconf 78' lang='grc' dir='ltr'><em>χλωροποιοῑς.</em></span> 
     </span>
    </p>

    <p class='ocr_par' dir='ltr' id='par_1_3' title="bbox 359 1743 1798 2570">
     <span class='ocr_line' id='line_1_20' title="bbox 473 1743 1798 1800; baseline 0.002 -15"><span class='ocrx_word' id='word_1_142' title='bbox 473 1744 626 1800; x_wconf 84' lang='lat' dir='ltr'>Igitur</span> <span class='ocrx_word' id='word_1_143' title='bbox 677 1744 825 1786; x_wconf 80' lang='lat' dir='ltr'>altera</span> <span class='ocrx_word' id='word_1_144' title='bbox 876 1743 1078 1800; x_wconf 81' lang='lat' dir='ltr'>quaestio</span> <span class='ocrx_word' id='word_1_145' title='bbox 1130 1744 1326 1786; x_wconf 84' lang='lat' dir='ltr'>occurrit</span> <span class='ocrx_word' id='word_1_146' title='bbox 1377 1746 1424 1786; x_wconf 92' lang='lat' dir='ltr'>et</span> <span class='ocrx_word' id='word_1_147' title='bbox 1472 1743 1699 1786; x_wconf 82' lang='lat' dir='ltr'>difficilior</span> <span class='ocrx_word' id='word_1_148' title='bbox 1752 1747 1798 1787; x_wconf 86' lang='lat' dir='ltr'>et</span> 
     </span>
     <span class='ocr_line' id='line_1_21' title="bbox 359 1820 1797 1878; baseline 0.001 -15"><span class='ocrx_word' id='word_1_149' title='bbox 359 1836 489 1878; x_wconf 90' lang='lat' dir='ltr'>quam</span> <span class='ocrx_word' id='word_1_150' title='bbox 520 1821 575 1863; x_wconf 87' lang='lat' dir='ltr'>ad</span> <span class='ocrx_word' id='word_1_151' title='bbox 606 1821 736 1863; x_wconf 90' lang='lat' dir='ltr'>finem</span> <span class='ocrx_word' id='word_1_152' title='bbox 767 1820 1011 1876; x_wconf 86' lang='lat' dir='ltr'>perducere</span> <span class='ocrx_word' id='word_1_153' title='bbox 1043 1820 1184 1863; x_wconf 90' lang='lat' dir='ltr'>multo</span> <span class='ocrx_word' id='word_1_154' title='bbox 1216 1821 1357 1875; x_wconf 82' lang='lat' dir='ltr'>magis</span> <span class='ocrx_word' id='word_1_155' title='bbox 1400 1824 1558 1863; x_wconf 89' lang='lat' dir='ltr'>nostra</span> <span class='ocrx_word' id='word_1_156' title='bbox 1603 1820 1797 1864; x_wconf 85' lang='lat' dir='ltr'>interest</span> 
     </span>
     <span class='ocr_line' id='line_1_22' title="bbox 360 1897 1796 1955; baseline 0.001 -15"><span class='ocrx_word' id='word_1_157' title='bbox 360 1913 491 1955; x_wconf 90' lang='lat' dir='ltr'>quam</span> <span class='ocrx_word' id='word_1_158' title='bbox 521 1898 766 1941; x_wconf 90' lang='lat' dir='ltr'>locutiones</span> <span class='ocrx_word' id='word_1_159' title='bbox 800 1900 846 1940; x_wconf 91' lang='lat' dir='ltr'>et</span> <span class='ocrx_word' id='word_1_160' title='bbox 877 1913 1006 1940; x_wconf 84' lang='lat' dir='ltr'>Voces</span> <span class='ocrx_word' id='word_1_161' title='bbox 1031 1912 1308 1949; x_wconf 77' lang='lat' dir='ltr'>coacervare,</span> <span class='ocrx_word' id='word_1_162' title='bbox 1342 1897 1555 1954; x_wconf 82' lang='lat' dir='ltr'>quomodo</span> <span class='ocrx_word' id='word_1_163' title='bbox 1573 1897 1796 1941; x_wconf 83' lang='lat' dir='ltr'>Pindarus</span> 
     </span>
     <span class='ocr_line' id='line_1_23' title="bbox 360 1974 1798 2031; baseline 0 -14"><span class='ocrx_word' id='word_1_164' title='bbox 360 1991 485 2018; x_wconf 90' lang='lat' dir='ltr'>suum</span> <span class='ocrx_word' id='word_1_165' title='bbox 516 1976 561 2017; x_wconf 89' lang='lat' dir='ltr'>in</span> <span class='ocrx_word' id='word_1_166' title='bbox 588 1990 715 2017; x_wconf 91' lang='lat' dir='ltr'>usum</span> <span class='ocrx_word' id='word_1_167' title='bbox 738 1974 932 2017; x_wconf 86' lang='lat' dir='ltr'>verterit</span> <span class='ocrx_word' id='word_1_168' title='bbox 964 1989 1028 2025; x_wconf 85' lang='lat' dir='ltr'>ea,</span> <span class='ocrx_word' id='word_1_169' title='bbox 1059 1988 1172 2030; x_wconf 88' lang='lat' dir='ltr'>quae</span> <span class='ocrx_word' id='word_1_170' title='bbox 1193 1974 1385 2016; x_wconf 87' lang='lat' dir='ltr'>elocutio</span> <span class='ocrx_word' id='word_1_171' title='bbox 1409 1974 1533 2031; x_wconf 89' lang='lat' dir='ltr'>epica</span> <span class='ocrx_word' id='word_1_172' title='bbox 1553 1975 1798 2030; x_wconf 89' lang='lat' dir='ltr'>praebebat</span> 
     </span>
     <span class='ocr_line' id='line_1_24' title="bbox 361 2051 1798 2108; baseline 0 -13"><span class='ocrx_word' id='word_1_173' title='bbox 361 2058 634 2096; x_wconf 87' lang='lat' dir='ltr'>ornamenta.</span> <span class='ocrx_word' id='word_1_174' title='bbox 696 2051 850 2108; x_wconf 87' lang='lat' dir='ltr'>Atque</span> <span class='ocrx_word' id='word_1_175' title='bbox 890 2051 1105 2094; x_wconf 86' lang='lat' dir='ltr'>formulas</span> <span class='ocrx_word' id='word_1_176' title='bbox 1152 2051 1297 2107; x_wconf 89' lang='lat' dir='ltr'>epicas</span> <span class='ocrx_word' id='word_1_177' title='bbox 1341 2051 1578 2094; x_wconf 81' lang='lat' dir='ltr'>audaciore</span> <span class='ocrx_word' id='word_1_178' title='bbox 1621 2052 1798 2095; x_wconf 86' lang='lat' dir='ltr'>ratione</span> 
     </span>
     <span class='ocr_line' id='line_1_25' title="bbox 361 2128 1798 2186; baseline 0.001 -15"><span class='ocrx_word' id='word_1_179' title='bbox 361 2130 562 2172; x_wconf 87' lang='lat' dir='ltr'>variatas</span> <span class='ocrx_word' id='word_1_180' title='bbox 585 2128 896 2186; x_wconf 84' lang='lat' dir='ltr'>deprendimus</span> <span class='ocrx_word' id='word_1_181' title='bbox 930 2128 1029 2171; x_wconf 88' lang='lat' dir='ltr'>has:</span> <span class='ocrx_word' id='word_1_182' title='bbox 1063 2144 1104 2171; x_wconf 90' lang='lat' dir='ltr'>v.</span> <span class='ocrx_word' id='word_1_183' title='bbox 1121 2129 1178 2170; x_wconf 88' lang='lat'>40</span> <span class='ocrx_word' id='word_1_184' title='bbox 1198 2129 1338 2182; x_wconf 76' lang='grc' dir='ltr'><em>ὑγρὸν</em></span> <span class='ocrx_word' id='word_1_185' title='bbox 1359 2128 1547 2182; x_wconf 75' lang='grc' dir='ltr'><em>πέλαγος</em></span> <span class='ocrx_word' id='word_1_186' title='bbox 1578 2130 1624 2171; x_wconf 91' lang='lat' dir='ltr'>et</span> <span class='ocrx_word' id='word_1_187' title='bbox 1653 2144 1694 2172; x_wconf 86' lang='lat' dir='ltr'>v.</span> <span class='ocrx_word' id='word_1_188' title='bbox 1714 2129 1798 2172; x_wconf 74' lang='lat'>195</span> 
     </span>
     <span class='ocr_line' id='line_1_26' title="bbox 361 2205 1797 2259; baseline 0 -11"><span class='ocrx_word' id='word_1_189' title='bbox 361 2209 528 2249; x_wconf 80' lang='grc' dir='ltr'><em>πόντου</em></span> <span class='ocrx_word' id='word_1_190' title='bbox 557 2205 763 2248; x_wconf 79' lang='grc' dir='ltr'><em>κέλευθοι</em></span> <span class='ocrx_word' id='word_1_191' title='bbox 795 2205 987 2248; x_wconf 86' lang='lat' dir='ltr'>redeunt</span> <span class='ocrx_word' id='word_1_192' title='bbox 1018 2205 1076 2247; x_wconf 88' lang='lat' dir='ltr'>ad</span> <span class='ocrx_word' id='word_1_193' title='bbox 1107 2223 1121 2247; x_wconf 91' lang='grc' dir='ltr'><em>ι</em></span> <span class='ocrx_word' id='word_1_194' title='bbox 1154 2206 1236 2247; x_wconf 76' lang='grc'>252</span> <span class='ocrx_word' id='word_1_195' title='bbox 1267 2206 1380 2259; x_wconf 78' lang='grc' dir='ltr'><em>ὑγρὰ</em></span> <span class='ocrx_word' id='word_1_196' title='bbox 1411 2206 1621 2257; x_wconf 80' lang='grc' dir='ltr'><em>κέλευθα;</em></span> <span class='ocrx_word' id='word_1_197' title='bbox 1670 2221 1709 2248; x_wconf 89' lang='lat' dir='ltr'>V.</span> <span class='ocrx_word' id='word_1_198' title='bbox 1742 2206 1797 2248; x_wconf 74' lang='lat'>86</span> 
     </span>
     <span class='ocr_line' id='line_1_27' title="bbox 361 2281 1796 2339; baseline -0.001 -14"><span class='ocrx_word' id='word_1_199' title='bbox 361 2283 632 2337; x_wconf 80' lang='grc' dir='ltr'><em>ὀπιζομένων</em></span> <span class='ocrx_word' id='word_1_200' title='bbox 662 2299 729 2333; x_wconf 91' lang='grc' dir='ltr'>τις</span> <span class='ocrx_word' id='word_1_201' title='bbox 760 2281 882 2325; x_wconf 82' lang='grc' dir='ltr'><em>εἶπεν</em></span> <span class='ocrx_word' id='word_1_202' title='bbox 914 2282 1118 2338; x_wconf 87' lang='lat' dir='ltr'>sequitur</span> <span class='ocrx_word' id='word_1_203' title='bbox 1149 2282 1417 2324; x_wconf 86' lang='lat' dir='ltr'>locutionem</span> <span class='ocrx_word' id='word_1_204' title='bbox 1450 2283 1616 2339; x_wconf 88' lang='lat' dir='ltr'>epicam</span> <span class='ocrx_word' id='word_1_205' title='bbox 1648 2282 1700 2338; x_wconf 88' lang='lat' dir='ltr'>(e.</span> <span class='ocrx_word' id='word_1_206' title='bbox 1727 2297 1796 2338; x_wconf 84' lang='lat' dir='ltr'>gr.</span> 
     </span>
     <span class='ocr_line' id='line_1_28' title="bbox 360 2357 1797 2416; baseline -0.001 -14"><span class='ocrx_word' id='word_1_207' title='bbox 360 2363 388 2415; x_wconf 86' lang='grc' dir='ltr'><em>β</em></span> <span class='ocrx_word' id='word_1_208' title='bbox 431 2360 531 2416; x_wconf 81' lang='lat'>324)</span> <span class='ocrx_word' id='word_1_209' title='bbox 574 2357 659 2402; x_wconf 79' lang='grc' dir='ltr'>ὧδε</span> <span class='ocrx_word' id='word_1_210' title='bbox 715 2359 766 2401; x_wconf 77' lang='grc' dir='ltr'>δέ</span> <span class='ocrx_word' id='word_1_211' title='bbox 815 2376 882 2409; x_wconf 87' lang='grc' dir='ltr'>τις</span> <span class='ocrx_word' id='word_1_212' title='bbox 924 2364 1147 2413; x_wconf 82' lang='grc' dir='ltr'><em>εἴπεσκεν,</em></span> <span class='ocrx_word' id='word_1_213' title='bbox 1205 2374 1300 2401; x_wconf 85' lang='lat' dir='ltr'>cum</span> <span class='ocrx_word' id='word_1_214' title='bbox 1342 2375 1381 2401; x_wconf 89' lang='lat' dir='ltr'>V.</span> <span class='ocrx_word' id='word_1_215' title='bbox 1428 2359 1483 2401; x_wconf 79' lang='lat'>87</span> <span class='ocrx_word' id='word_1_216' title='bbox 1524 2360 1712 2411; x_wconf 81' lang='grc' dir='ltr'><em>ἔπταξαν</em></span> <span class='ocrx_word' id='word_1_217' title='bbox 1756 2358 1797 2401; x_wconf 78' lang='grc' dir='ltr'>δ’</span> 
     </span>
     <span class='ocr_line' id='line_1_29' title="bbox 362 2436 1797 2492; baseline 0 -13"><span class='ocrx_word' id='word_1_218' title='bbox 362 2437 558 2492; x_wconf 81' lang='grc' dir='ltr'><em>ἀκίνητοι</em></span> <span class='ocrx_word' id='word_1_219' title='bbox 592 2443 736 2492; x_wconf 80' lang='grc' dir='ltr'><em>σιωπᾷ</em></span> <span class='ocrx_word' id='word_1_220' title='bbox 764 2436 811 2478; x_wconf 91' lang='lat' dir='ltr'>in</span> <span class='ocrx_word' id='word_1_221' title='bbox 840 2439 1033 2479; x_wconf 88' lang='lat' dir='ltr'>mentem</span> <span class='ocrx_word' id='word_1_222' title='bbox 1065 2441 1195 2479; x_wconf 84' lang='lat' dir='ltr'>vocet</span> <span class='ocrx_word' id='word_1_223' title='bbox 1238 2436 1349 2478; x_wconf 88' lang='lat' dir='ltr'>illud</span> <span class='ocrx_word' id='word_1_224' title='bbox 1381 2436 1491 2490; x_wconf 88' lang='grc' dir='ltr'><em>ἀκὴν</em></span> <span class='ocrx_word' id='word_1_225' title='bbox 1522 2436 1559 2478; x_wconf 80' lang='grc' dir='ltr'>δ’</span> <span class='ocrx_word' id='word_1_226' title='bbox 1594 2436 1797 2490; x_wconf 77' lang='grc' dir='ltr'><em>ἐγένοντο</em></span> 
     </span>
     <span class='ocr_line' id='line_1_30' title="bbox 360 2512 1797 2570; baseline 0 -14"><span class='ocrx_word' id='word_1_227' title='bbox 360 2521 503 2569; x_wconf 81' lang='grc' dir='ltr'><em>σιωπῇ</em></span> <span class='ocrx_word' id='word_1_228' title='bbox 545 2514 597 2569; x_wconf 93' lang='lat' dir='ltr'>(e.</span> <span class='ocrx_word' id='word_1_229' title='bbox 641 2529 707 2567; x_wconf 79' lang='lat' dir='ltr'>gr.</span> <span class='ocrx_word' id='word_1_230' title='bbox 742 2514 782 2555; x_wconf 91' lang='lat' dir='ltr'>H</span> <span class='ocrx_word' id='word_1_231' title='bbox 815 2513 898 2568; x_wconf 79' lang='lat'>92).</span> <span class='ocrx_word' id='word_1_232' title='bbox 971 2512 1193 2570; x_wconf 86' lang='lat' dir='ltr'>Apertum</span> <span class='ocrx_word' id='word_1_233' title='bbox 1240 2513 1485 2569; x_wconf 82' lang='lat' dir='ltr'>exemplum</span> <span class='ocrx_word' id='word_1_234' title='bbox 1532 2513 1797 2556; x_wconf 79' lang='lat' dir='ltr'>imitationis</span> 
     </span>
    </p>
   </div>
   <div class='ocr_carea' id='block_1_3' title="bbox 358 2691 1798 2860">
    <p class='ocr_par' dir='ltr' id='par_1_4' title="bbox 358 2691 1798 2860">
     <span class='ocr_line' id='line_1_31' title="bbox 456 2691 1798 2736; baseline -0.001 -10"><span class='ocrx_word' id='word_1_235' title='bbox 456 2695 490 2735; x_wconf 89' lang='lat' dir='ltr'>l)</span> <span class='ocrx_word' id='word_1_236' title='bbox 516 2692 654 2726; x_wconf 87' lang='lat' dir='ltr'>Novum</span> <span class='ocrx_word' id='word_1_237' title='bbox 697 2692 899 2735; x_wconf 83' lang='lat' dir='ltr'>exemplum</span> <span class='ocrx_word' id='word_1_238' title='bbox 941 2692 1093 2726; x_wconf 82' lang='lat' dir='ltr'>accessit</span> <span class='ocrx_word' id='word_1_239' title='bbox 1130 2692 1165 2725; x_wconf 90' lang='lat' dir='ltr'>in</span> <span class='ocrx_word' id='word_1_240' title='bbox 1212 2691 1399 2726; x_wconf 86' lang='lat' dir='ltr'>Parthenii</span> <span class='ocrx_word' id='word_1_241' title='bbox 1435 2691 1587 2736; x_wconf 84' lang='lat' dir='ltr'>Oxyrrh.</span> <span class='ocrx_word' id='word_1_242' title='bbox 1624 2691 1711 2735; x_wconf 82' lang='lat' dir='ltr'>Pap.</span> <span class='ocrx_word' id='word_1_243' title='bbox 1748 2691 1798 2725; x_wconf 91' lang='lat' dir='ltr'>IV</span> 
     </span>
     <span class='ocr_line' id='line_1_32' title="bbox 358 2757 1798 2804; baseline -0.001 -11"><span class='ocrx_word' id='word_1_244' title='bbox 358 2759 424 2793; x_wconf 87' lang='lat' dir='ltr'>No.</span> <span class='ocrx_word' id='word_1_245' title='bbox 453 2762 520 2793; x_wconf 82' lang='grc'>659</span> <span class='ocrx_word' id='word_1_246' title='bbox 547 2771 577 2793; x_wconf 92' lang='lat' dir='ltr'>v.</span> <span class='ocrx_word' id='word_1_247' title='bbox 606 2761 668 2794; x_wconf 78' lang='lat'>38:</span> <span class='ocrx_word' id='word_1_248' title='bbox 696 2760 862 2802; x_wconf 83' lang='grc' dir='ltr'><em>φρίσσων</em></span> <span class='ocrx_word' id='word_1_249' title='bbox 889 2757 1043 2804; x_wconf 82' lang='grc' dir='ltr'><em>Βορέας;</em></span> <span class='ocrx_word' id='word_1_250' title='bbox 1082 2758 1198 2793; x_wconf 86' lang='lat' dir='ltr'>locum</span> <span class='ocrx_word' id='word_1_251' title='bbox 1226 2758 1394 2793; x_wconf 85' lang='lat' dir='ltr'>carminis</span> <span class='ocrx_word' id='word_1_252' title='bbox 1421 2759 1448 2792; x_wconf 92' lang='lat' dir='ltr'><strong>P</strong></span> <span class='ocrx_word' id='word_1_253' title='bbox 1474 2759 1524 2792; x_wconf 93' lang='lat' dir='ltr'>IV</span> <span class='ocrx_word' id='word_1_254' title='bbox 1561 2769 1639 2793; x_wconf 86' lang='lat' dir='ltr'>cum</span> <span class='ocrx_word' id='word_1_255' title='bbox 1674 2758 1798 2793; x_wconf 88' lang='lat' dir='ltr'>scholl.</span> 
     </span>
     <span class='ocr_line' id='line_1_33' title="bbox 358 2824 825 2860; baseline 0.002 -1"><span class='ocrx_word' id='word_1_256' title='bbox 358 2824 509 2860; x_wconf 86' lang='lat' dir='ltr'>laudant</span> <span class='ocrx_word' id='word_1_257' title='bbox 535 2829 632 2860; x_wconf 83' lang='lat' dir='ltr'>recte</span> <span class='ocrx_word' id='word_1_258' title='bbox 658 2825 825 2860; x_wconf 81' lang='lat' dir='ltr'>editores.</span> 
     </span>
    </p>
   </div>
  </div>
 </body>
</html>
