2111 3303
976 200 1031 242 60

279 312 360 355 flos
392 313 642 356 iuventutis
675 303 842 356 dicitur
873 316 1106 366 aestuare,
1153 313 1269 356 sicut
1308 313 1396 355 viri
1425 313 1512 370 ipsi
1556 314 1721 357 descri-

282 389 450 431 buntur
496 404 537 431 v.
571 389 653 430 179
701 389 987 443 κεχλάδοντες
1035 389 1141 445 mim
1186 404 1287 431 nam
1330 389 1410 432 flos
1457 389 1719 444 iuventutis,

280 465 550 520 praesertim
580 480 677 507 cum
709 464 770 506 sit
798 464 993 507 formula
1025 464 1148 520 epica
1177 464 1294 507 trita
1325 465 1384 521 <N
1412 465 1526 520 484),
1559 481 1721 510 vereor

279 542 332 582 ut
384 540 529 596 imago
578 540 802 583 sentiatur
850 540 965 583 sicut
1012 554 1099 582 non
1146 541 1341 583 sentitur
1387 541 1500 583 illud
1545 542 1591 583 in
1636 557 1720 599 quo

281 616 482 659 luxuriat
527 616 750 659 Pindarus
803 618 956 659 ἄωτον.
1032 616 1238 660 Certiore
1284 617 1460 660 ratione
1506 617 1720 674 imagines

280 693 443 735 mixtas
488 708 584 736 esse
629 693 821 736 dicemus
864 693 900 734 P
932 694 999 736 IV
1032 693 1136 746 219,
1181 694 1257 736 ubi
1287 693 1440 737 Venus
1485 695 1720 738 cantilenis

283 769 373 812 suis
406 769 604 812 effecisse
636 769 813 823 dicitur,
846 772 897 812 ut
931 770 1122 814 Graecia
1152 770 1352 813 Medeam
1396 785 1545 814 amore
1575 772 1721 815 incen-

283 861 373 889 sam
405 846 584 902 flagello
619 846 791 890 Suadae
823 847 1036 903 agitaret.

395 923 566 966 Nostro
607 923 705 966 iure
746 923 942 966 fortasse
975 924 1081 966 haec
1112 928 1270 980 poetae
1301 925 1474 967 crimini
1506 925 1720 979 dabimus,

281 999 359 1042 sed
389 1004 441 1042 ut
472 1000 526 1043 de
558 1000 768 1043 universa
800 1016 849 1044 re
881 1000 1049 1051 dicam,
1094 1001 1280 1043 Pindari
1312 1017 1385 1044 ars
1419 1005 1465 1045 et
1495 1002 1720 1058 ingenium

280 1092 367 1119 non
398 1077 445 1118 in
476 1077 726 1120 elocutione
756 1077 1041 1134 perspicitur,
1077 1092 1207 1134 quam
1234 1094 1479 1121 sermonem
1501 1080 1721 1136 poeticum

281 1155 625 1209 repraesentare
658 1153 848 1196 Vidimus
882 1154 1130 1210 antiquitus
1163 1157 1210 1197 et
1240 1154 1461 1197 traditum
1505 1161 1550 1198 et
1582 1155 1721 1199 usita-

280 1233 388 1282 tum,
422 1229 498 1272 sed
530 1229 576 1271 id
607 1229 724 1286 quod
755 1229 1005 1272 Boeckhius
1024 1229 1052 1285 ¹)
1085 1235 1130 1272 et
1151 1229 1530 1274 Wilamowitzius
1550 1232 1579 1286 2)
1609 1233 1720 1275 bene

280 1308 560 1357 monuerunt,
595 1308 640 1348 et
673 1306 787 1362 quod
810 1306 1104 1359 confirmabit,
1137 1306 1384 1363 quicunque
1415 1307 1574 1350 int-ima
1604 1308 1719 1351 artis

282 1381 546 1425 Pindaricae
579 1383 830 1438 cognitione
862 1383 1094 1438 praeditus
1129 1386 1210 1437 est,
1252 1398 1363 1440 quae
1396 1383 1581 1427 Pindari
1613 1400 1720 1428 vere

281 1462 442 1515 poetae
482 1462 528 1502 et
559 1459 697 1516 ipsius
729 1460 914 1516 propria
958 1463 1086 1510 sunt,
1132 1461 1177 1502 in
1217 1460 1381 1504 fabulis
1425 1462 1573 1518 posita
1617 1464 1722 1504 sunt

280 1536 432 1592 paucis
472 1536 620 1579 verbis
653 1537 732 1579 sed
764 1537 948 1593 egregia
979 1539 1079 1580 arte
1110 1538 1310 1580 narratis
1344 1540 1389 1580 et
1426 1538 1471 1580 in
1501 1538 1593 1581 illis
1628 1554 1722 1581 sen-

281 1612 438 1655 tentiis
479 1628 586 1656 vere
616 1613 890 1666 Pindaricis,
934 1628 1045 1670 quae
1087 1615 1408 1670 cogitationum
1444 1615 1624 1671 longam
1657 1631 1722 1659 se-

221 1729 224 1734 .
282 1690 393 1732 riem
440 1689 755 1746 comprimunt,
802 1693 848 1733 et
889 1693 1024 1747 poeta
1067 1691 1162 1748 ipse
1203 1692 1318 1734 artis
1360 1705 1465 1734 suae
1510 1707 1722 1735 summam

280 1767 452 1822 tetigit,
485 1782 581 1809 cum
612 1767 783 1810 diceret
813 1768 849 1809 P
881 1768 905 1809 I
937 1769 1017 1810 81:

395 1846 550 1898 καιρὸν
581 1846 621 1886 εἰ
651 1843 878 1899 φθέγξαιο,
913 1849 1091 1887 πολλῶν
1122 1849 1304 1899 πείρατα
1337 1847 1633 1896 συντανύσαις

396 1921 443 1962 ἐν
474 1923 639 1975 βραχεῖ,
673 1924 808 1975 μείων
840 1921 987 1963 ἕπεται
1021 1930 1171 1976 μῶμος
1202 1922 1466 1977 ἀνθρώπων.

376 2089 409 2126 l)
435 2086 727 2130 Explicationum
754 2098 786 2130 p.
816 2089 880 2121 :201
910 2097 1008 2131 saep.

372 2155 408 2196 2)
435 2153 533 2197 Isylli
559 2164 593 2196 p.
623 2155 698 2187 173.
