2111 3303
940 241 993 283 53

256 371 353 400 eum
384 372 522 413 genus
555 356 690 399 etiam
721 355 836 398 aliae
860 370 987 397 voees
1014 355 1130 397 sicut
1152 355 1429 409 ἀνδροόίκας,
1460 359 1691 397 ναυσίστο-

256 450 347 486 νος,
378 433 624 488 ὑπέραλλος
656 435 702 475 et
733 447 862 474 voees
897 431 1221 488 Bacchylideae
1254 432 1517 486 ἀδεισιβόας,
1559 432 1692 486 ἀταρ-

255 510 461 564 βομάχας,
510 510 793 563 ἐρειψιπύλας
812 509 857 562 1),
915 511 966 551 ut
1012 509 1058 550 in
1102 508 1170 550 his
1219 508 1424 551 Hereuh's
1477 509 1690 564 epithetis

252 587 538 643 acquiescam,
572 585 770 642 exemplo
803 600 958 628 carere
992 585 1203 627 videntur
1236 585 1371 642 epico.
1434 586 1561 638 Quod
1602 601 1691 629 mo-

252 663 355 706 nuit
387 663 616 706 Croisetus
650 663 677 704 1.
710 663 738 705 1.
772 678 812 720 p.
847 663 931 705 390
961 662 1205 705 Pindarum
1235 663 1392 718 longas
1425 663 1528 705 illas
1564 678 1690 706 voces

255 740 445 797 diligere
495 756 606 794 „non
639 740 883 782 seulement
913 755 1027 796 pour
1058 739 1103 781 la
1133 741 1294 782 beaute
1327 739 1385 781 du
1421 755 1532 793 sens,
1581 740 1690 783 mais

255 833 370 874 pour
414 817 458 859 la
488 817 688 874 musique
720 816 774 859 (16
804 817 926 859 leurs
961 816 1201 871 syllabes“,
1249 816 1384 858 etiam
1416 817 1460 857 in
1491 817 1691 872 Bacchy-

253 895 388 937 lidem
430 894 552 937 valet
599 897 732 950 atque
779 893 983 949 inprimis
1029 893 1074 934 111
1113 908 1186 936 eas
1218 907 1361 945 voees,
1411 907 1517 949 quas
1565 894 1694 937 brevi

255 971 613 1022 examinabimus,
658 971 753 1013 dieo
786 985 916 1013 voees
951 970 1053 1013 illas
1086 971 1368 1027 composita*
1409 985 1597 1027 quarum
1629 971 1692 1013 al-

253 1051 356 1091 tera
386 1063 491 1104 pars
535 1048 836 1091 intermortua
878 1047 1014 1103 est2);
1063 1048 1185 1090 6111113
1233 1047 1299 1090 rei
1337 1048 1694 1090 luculentissima

254 1128 361 1168 sunt
384 1125 585 1182 exempla
606 1125 766 1168 Aesch.
791 1125 916 1167 Pers.
941 1125 1051 1167 1027
1075 1128 1290 1179 λευκήρης
1318 1126 1421 1178 θρίξ
1453 1127 1532 1167 aut
1559 1125 1691 1180 Soph.

255 1202 360 1246 Oed.
395 1202 487 1246 Col.
525 1204 633 1245 1055
664 1203 740 1251 τὰς
771 1204 1004 1251 διστόλους
1035 1202 1227 1256 ἀδμῆτας
1258 1202 1463 1255 ἀδελφάς.
1534 1202 1692 1244 Exem-

255 1280 331 1336 pla
361 1280 601 1322 Pindariea
639 1283 766 1322 sunt:
800 1279 835 1320 P
867 1279 891 1321 Ι
922 1281 947 1320 7
980 1283 1243 1329 κελαινῶπις
1273 1280 1448 1333 νεφέλα,
1480 1279 1515 1320 P
1546 1279 1615 1322 IV
1639 1279 1693 1320 52

252 1357 550 1411 κελαινεφέων
581 1359 758 1407 πεδίων,
792 1356 834 1398 N
866 1356 912 1397 Π
947 1358 997 1398 19
1030 1357 1290 1410 ὑψιμέδοντι
1322 1360 1586 1412 Παρνασσῷ,
1620 1356 1694 1397 uisi

253 1433 388 1476 schol.
438 1434 495 1490 (p.
531 1434 585 1475 ⁴58
631 1433 764 1489 Abel)
809 1435 919 1476 bene
966 1449 1093 1476 usum
1141 1433 1414 1475 observavit.
1465 1434 1506 1476 N
1538 1433 1606 1475 1X
1638 1433 1693 1475 23

254 1511 502 1552 λευκάνθεα
547 1513 732 1561 καπνόν,
778 1510 835 1552 fr.
870 1511 924 1552 ’78
973 1512 1166 1552 θύεσθαι
1206 1512 1283 1552 τὸν
1331 1512 1566 1563 ἱερόθυτον
1612 1511 1695 1552 θά-

254 1604 412 1630 νατον;
446 1587 747 1643 Bacehylidea
778 1587 893 1630 XVI
922 1588 1003 1629 125
1036 1590 1119 1629 σὺν
1151 1589 1344 1642 εὐθυμίᾳ
1374 1591 1579 1643 νεοκτίτῳ
1615 1591 1694 1629 aut

252 1664 311 1706 fr.
342 1665 413 1716 4‚8
444 1664 745 1718 σιδαροδέτοις
777 1666 1008 1719 πόρπαξιν.

374 1742 541 1784 Voeum
572 1757 738 1798 genera
784 1741 910 1784 addo.
961 1756 1072 1797 quae
1119 1743 1172 1783 ab
1216 1741 1414 1797 exemplo
1456 1741 1599 1784 libera
1629 1743 1694 1782 vi-

256 1818 421 1861 dentur
453 1834 550 1861 esse
581 1819 716 1875 epieo.
778 1819 925 1861 Unum
956 1818 1137 1875 profert
1161 1819 1428 1861 Eustathius
1460 1818 1489 1859 1.
1512 1818 1555 1870 1.,
1591 1821 1695 1861 sunt

252 1911 383 1939 Voces
423 1910 534 1952 quae
567 1901 839 1952 sequuntur:
885 1899 1220 1951 κρατησίμαχος,
1252 1899 1561 1950 κρατησίπους,
1594 1912 1693 1949 κρα-

254 1976 467 2027 τησιβιάς,
509 1988 620 2029 quae
653 1973 708 2014 ad
735 1973 854 2015 vocis
888 1987 1001 2029 quae
1034 1977 1103 2015 es‘c
1134 1973 1292 2026 κράτος
1324 1973 1694 2028 significationem

254 2049 471 2092 victoriae
484 2049 512 2102 3)
546 2050 759 2104 redeunt3
794 2049 907 2092 addo
940 2054 1252 2104 κρατήσιππος.

367 2126 507 2169 Plura
539 2127 724 2169 dicenda
772 2133 874 2169 sunt
921 2127 975 2169 de
1008 2127 1095 2169 alio
1143 2141 1298 2169 vocum
1344 2141 1520 2182 genere,
1570 2126 1692 2168 6111113

257 2204 503 2260 exemplum
550 2206 621 2246 est
666 2220 752 2246 vox
783 2204 1024 2246 Pindarica
1058 2203 1111 2257 (O
1133 2203 1248 2245 XIV
1281 2204 1352 2249 14)
1386 2204 1695 2257 ἐρασίμολπος,

350 2356 383 2398 1)
411 2355 542 2389 Vocem
569 2356 690 2398 aliquo
729 2354 833 2390 modo
873 2355 918 2390 ad
946 2356 1147 2400 exemplum
1188 2355 1325 2399 epicum
1357 2357 1612 2399 τειχεσιπλῆτα
1640 2365 1694 2389 re-

251 2421 330 2456 dire
356 2421 507 2456 adnotat
533 2422 786 2457 Schwartzius.

345 2491 381 2531 2)
410 2489 488 2532 Qua
527 2488 571 2523 de
597 2500 635 2523 re
664 2488 708 2523 cf.
751 2490 862 2524 schol.
891 2490 976 2523 Eur.
1006 2489 1122 2523 Orest.
1151 2491 1230 2531 821,
1270 2489 1443 2523 Lobeckii
1475 2488 1694 2532 Paralipom.

250 2566 284 2600 p.
306 2556 351 2590 50
377 2559 412 2589 et
439 2555 531 2598 adn,
558 2556 874 2590 VVilamowitzium
902 2556 947 2590 ad
974 2556 1062 2590 Eur.
1088 2556 1194 2590 Herc.
1224 2556 1235 2574 2
1263 2556 1297 2589 II
1320 2567 1353 2599 p.
1381 2558 1426 2590 30
1454 2554 1534 2589 adn.
1552 2559 1568 2588 1
1597 2559 1633 2589 et
1659 2566 1692 2598 p.

255 2624 322 2656 158
349 2622 394 2656 ad
420 2634 450 2656 v.
480 2624 558 2666 689,
598 2622 742 2657 Kaibeli
768 2622 952 2657 Electram
978 2635 1010 2667 p.
1041 2625 1096 2665 83,
1137 2622 1224 2656 God.
1253 2624 1496 2656 Hermannum
1534 2621 1579 2656 ad
1607 2622 1695 2665 Sup-

250 2687 362 2732 plices
389 2690 466 2723 347.

349 2756 385 2799 3)
409 2757 441 2789 A
457 2757 535 2797 753,
562 2756 729 2800 Bacchyl.
751 2756 781 2788 V
803 2759 879 2798 114,
906 2755 1000 2790 unde
1027 2759 1177 2799 κρατεῖν
1205 2766 1312 2800 saepe
1340 2758 1386 2799 (e.
1408 2765 1460 2798 gr.
1480 2755 1508 2788 0
1529 2755 1614 2789 VIII
1633 2755 1694 2799 20)

251 2819 348 2864 apud
373 2819 569 2855 Pindarum
593 2821 636 2856 de
664 2821 847 2856 vincendo.
