2111 3303
1004 203 1057 245 17

313 321 424 363 loris
456 319 568 376 epici
599 321 756 375 aperte
787 332 893 375 prae
927 333 972 360 se
1004 318 1180 371 ferunt,
1230 317 1399 361 scilicet
1430 317 1671 360 Pindarum
1705 318 1751 360 in

315 397 397 440 hoc
427 396 697 452 Pythiorum
743 395 936 438 carmine
980 397 1143 451 quarto
1188 398 1346 437 contra
1389 395 1751 438 consuetudinem

316 473 539 516 coloribus
571 472 790 515 viridibus
823 472 905 515 uti.

431 550 597 592 Poetae
630 549 742 605 epici
772 563 902 605 quam
933 549 1041 591 bene
1073 548 1245 591 colores
1278 549 1500 591 hominum
1526 551 1573 592 et
1603 564 1754 591 rerum

317 627 528 679 viderint,
561 626 867 680 manifestum,
900 625 1099 682 exemplo
1133 625 1194 667 sit
1226 627 1282 666 M
1298 625 1381 667 462
1397 641 1504 682 sqq,
1537 626 1611 668 ubi
1645 626 1756 668 Hec-

317 704 430 746 toris
466 705 641 746 ὑπώπια
672 705 719 745 et
750 702 864 744 oculi
896 717 992 744 cum
1031 704 1159 744 nocte
1201 704 1246 743 et
1289 702 1383 757 igni
1426 705 1756 759 comparantur,

317 780 536 822 undarum
569 779 903 835 descriptiones,
937 793 1048 835 quae
1083 779 1360 821 irruentibus
1392 779 1539 821 ventis
1567 779 1756 836 primum

318 857 476 913 nigrae
517 857 631 898 fiunt
662 857 728 911 (H
755 856 828 899 63)
871 870 973 897 mox
1013 856 1141 898 albae
1174 858 1241 902 (N
1267 856 1366 907 799)
1411 858 1490 898 aut
1529 860 1638 898 nota
1677 856 1753 898 illa

319 934 592 989 comparatio
635 938 676 975 Δ
713 934 804 975 141.
876 933 1000 974 Mare
1042 932 1241 975 abundat
1281 932 1494 988 epithetis
1536 933 1669 988 epicis
1703 933 1759 975 ad

320 1010 511 1053 colorem
550 1009 951 1066 pertinentibus¹),
1001 1011 1105 1052 sunt
1136 1013 1296 1059 αἴθοψ,
1344 1012 1535 1063 γλαυκή,
1583 1011 1759 1063 ίοειδής,

320 1087 571 1142 μαρμαρέη,
617 1091 769 1140 οἴνοψ,
801 1089 954 1140 πολιή,
1000 1085 1253 1140 πορφυρέη,
1302 1101 1323 1128 e
1356 1086 1513 1142 quibus
1547 1089 1761 1142 quantum

321 1164 410 1206 scio
442 1164 686 1220 viguerunt
717 1163 835 1220 apud
866 1166 1021 1219 poetas
1055 1163 1330 1206 recentiores
1355 1163 1496 1205 solum
1517 1167 1684 1218 γλαυκή
1716 1167 1761 1206 et

321 1244 476 1296 πολιή;
526 1241 734 1283 nimirum
765 1241 810 1282 in
841 1241 955 1282 mari
987 1240 1262 1297 depingendo
1306 1240 1442 1282 etiam
1481 1245 1764 1283 novaverunt

321 1320 481 1374 poetae
513 1317 786 1360 recentiores
817 1332 959 1373 neque
991 1320 1205 1373 quantum
1238 1316 1326 1359 scio
1371 1317 1618 1373 exemplum
1648 1317 1763 1359 anti-

323 1394 450 1451 quius
483 1397 667 1451 praesto
701 1401 770 1436 est
790 1397 843 1437 ut
866 1394 1114 1450 explicetur
1138 1394 1360 1436 Timothei
1382 1394 1625 1436 Persarum
1655 1409 1695 1436 v.
1709 1394 1763 1436 32

322 1487 485 1515 novum
516 1471 629 1513 illud
661 1476 706 1513 et
738 1474 837 1514 arte
870 1471 1119 1527 quaesitum
1152 1471 1286 1513 maris
1321 1470 1553 1527 epitheton
1576 1482 1765 1525 σμαραγ-

325 1550 548 1603 δοχαίτας,
594 1548 662 1590 cui
692 1548 857 1590 Latina
896 1548 1040 1590 multa
1070 1548 1201 1590 facile
1234 1548 1463 1590 adscribas
1492 1573 1548 1578 —
1579 1547 1765 1590 Ovidius

325 1625 432 1668 Met.
454 1626 503 1667 H
522 1626 574 1667 13
607 1626 742 1668 habet
763 1625 1006 1668 Nereidum
1038 1624 1205 1667 virides
1240 1625 1439 1681 capillos,
1472 1624 1587 1667 idem
1619 1624 1764 1681 Epist.

327 1702 368 1744 V
391 1703 444 1743 57
478 1702 594 1744 sicut
626 1702 800 1745 Statius
822 1702 1096 1745 Achilleidos
1130 1702 1152 1743 Ι
1174 1702 1257 1744 293
1280 1702 1500 1745 Nereidas
1533 1702 1607 1744 vel
1627 1702 1766 1757 Nym-

326 1779 437 1836 phas
473 1779 635 1821 virides
669 1779 785 1822 dixit
816 1805 871 1810 —
903 1779 1078 1822 Graeca
1108 1794 1332 1836 perpauca
1375 1779 1537 1821 similia
1568 1779 1766 1821 invenies

328 1881 381 1886 -—
414 1858 586 1911 χλωρὸν
627 1857 748 1910 ὕδωρ
788 1858 842 1898 Α.
876 1856 923 1898 P.
957 1856 1029 1898 IX
1060 1857 1167 1903 669„
1219 1857 1291 1898 ubi
1335 1856 1568 1898 Jacobsius
1612 1855 1768 1899 laudat

329 1933 436 1975 Eur.
451 1932 616 1976 Phoen.
634 1934 718 1975 660
735 1933 897 1986 ῥέεθρα
918 1935 1064 1989 χλωρά
1085 1934 1246 1976 similia
1263 1959 1330 1984 -—-,
1354 1948 1450 1976 cum
1472 1933 1770 1976 usitatissima

330 2009 422 2052 sint
454 2026 507 2052 ex
537 2010 733 2066 antiquis
764 2010 1040 2067 temporibus
1073 2010 1274 2067 epitheta
1304 2010 1362 2053 ad
1392 2025 1513 2053 mare
1543 2010 1770 2066 pertinen-

329 2087 416 2138 tia,
449 2102 560 2143 quae
592 2101 618 2129 a
647 2104 805 2129 κυανο-
836 2087 1076 2143 incipiant,
1109 2087 1310 2143 Neptuni
1330 2091 1632 2142 κυανοχαίτης,
1664 2086 1771 2129 Am-

329 2163 550 2220 phitritae
580 2166 863 2219 κυανῶπιςΐ),
896 2165 1084 2207 κυάνεον
1115 2165 1236 2217 {jocco
1270 2164 1507 2206 Simonidis
1539 2164 1595 2206 fr.
1619 2164 1675 2206 40
1707 2179 1773 2207 se-

331 2241 518 2283 cundum
551 2241 720 2298 epicum
752 2241 889 2295 μέλαν
920 2243 1062 2295 ὕδωρ,
1095 2243 1352 2296 κυανανθὴς
1382 2243 1543 2290 πόντος
1574 2240 1773 2296 Bacchy-

331 2318 434 2360 lidis
467 2318 559 2360 ΧΠ
591 2319 693 2371 124,
726 2318 888 2360 κυανέα
918 2319 994 2368 ἅλς
1026 2318 1134 2360 Eur.
1167 2318 1208 2361 J.
1243 2318 1292 2359 T.
1328 2319 1365 2359 7.

432 2453 466 2495 l)
492 2451 582 2485 Utor
608 2450 773 2495 diligenti
791 2451 1100 2494 commentatione,
1129 2461 1235 2493 quam
1254 2451 1400 2495 scripsit
1418 2451 1461 2485 H.
1482 2451 1671 2496 Meylan-I?
1674 2461 1774 2491 aure,

334 2517 404 2551 Les
433 2517 610 2561 epithetes
638 2517 726 2552 dans
754 2518 919 2552 Homere.
972 2518 1065 2553 Diss.
1096 2519 1341 2552 Lausannens.
1374 2520 1471 2552 1899.

431 2585 467 2628 2)
493 2597 517 2628 μ
536 2587 591 2627 60,
619 2585 757 2619 scilicet
782 2585 826 2619 de
852 2584 930 2624 dea¹
958 2585 1021 2619 sed
1039 2583 1244 2628 ἀγάστονος
1264 2583 1308 2618 Ἀ.
1328 2583 1372 2618 de
1389 2585 1490 2627 mari,
1516 2595 1606 2628 pace
1623 2584 1775 2628 Hauptii

337 2651 498 2694 opuscul.
525 2651 559 2684 II
585 2653 648 2694 743
685 2662 756 2694 qua
782 2650 825 2686 de
851 2662 890 2685 re
917 2650 960 2685 cf.
988 2651 1021 2685 S.
1050 2651 1410 2695 Reicheubergerum‚
1439 2650 1496 2685 die
1522 2651 1776 2694 Entwicklung

337 2715 400 2750 des
438 2718 742 2762 metonymischen
778 2718 986 2752 Gebrauchs
1026 2728 1093 2752 von
1131 2718 1406 2762 Gotternamen,
1446 2717 1647 2752 Karlsruhe
1676 2718 1777 2757 1891,

338 2794 371 2827 p.
400 2786 511 2827 6sqq.

1476 2850 1503 2891 2
