<?xml version="1.0" encoding="UTF-8"?>
<!DOCTYPE html PUBLIC "-//W3C//DTD XHTML 1.0 Transitional//EN"
    "http://www.w3.org/TR/xhtml1/DTD/xhtml1-transitional.dtd">
<html xmlns="http://www.w3.org/1999/xhtml" xml:lang="en" lang="en">
 <head>
  <title>
</title>
<meta http-equiv="Content-Type" content="text/html;charset=utf-8" />
  <meta name='ocr-system' content='tesseract 3.04.00' />
  <meta name='ocr-capabilities' content='ocr_page ocr_carea ocr_par ocr_line ocrx_word'/>
</head>
<body>
  <div class='ocr_page' id='page_1' title='image "./deelocutionispin00schuuoft_0062.png"; bbox 0 0 2111 3303; ppageno 0'>
   <div class='ocr_carea' id='block_1_1' title="bbox 1005 195 1061 236">
    <p class='ocr_par' dir='ltr' id='par_1_1' title="bbox 1005 195 1061 236">
     <span class='ocr_line' id='line_1_1' title="bbox 1005 195 1061 236; baseline 0.018 -1"><span class='ocrx_word' id='word_1_1' title='bbox 1005 195 1061 236; x_wconf 81' lang='lat'>58</span> 
     </span>
    </p>
   </div>
   <div class='ocr_carea' id='block_1_2' title="bbox 315 306 1755 518">
    <p class='ocr_par' dir='ltr' id='par_1_2' title="bbox 315 306 1755 518">
     <span class='ocr_line' id='line_1_2' title="bbox 317 306 1755 364; baseline 0.002 -16"><span class='ocrx_word' id='word_1_2' title='bbox 317 306 507 349; x_wconf 84' lang='lat' dir='ltr'>alteram</span> <span class='ocrx_word' id='word_1_3' title='bbox 540 306 776 349; x_wconf 80' lang='lat' dir='ltr'>excludere</span> <span class='ocrx_word' id='word_1_4' title='bbox 800 307 1002 358; x_wconf 78' lang='lat' dir='ltr'>debebat,</span> <span class='ocrx_word' id='word_1_5' title='bbox 1035 307 1315 364; x_wconf 88' lang='lat' dir='ltr'>coniungere.</span> <span class='ocrx_word' id='word_1_6' title='bbox 1365 308 1464 351; x_wconf 93' lang='lat' dir='ltr'>Non</span> <span class='ocrx_word' id='word_1_7' title='bbox 1496 309 1592 352; x_wconf 79' lang='lat' dir='ltr'>dico</span> <span class='ocrx_word' id='word_1_8' title='bbox 1624 323 1755 351; x_wconf 89' lang='lat' dir='ltr'>unam</span> 
     </span>
     <span class='ocr_line' id='line_1_3' title="bbox 315 382 1754 441; baseline 0.003 -17"><span class='ocrx_word' id='word_1_9' title='bbox 315 382 551 438; x_wconf 80' lang='lat' dir='ltr'>imaginem</span> <span class='ocrx_word' id='word_1_10' title='bbox 575 383 647 425; x_wconf 85' lang='lat' dir='ltr'>vel</span> <span class='ocrx_word' id='word_1_11' title='bbox 669 383 800 425; x_wconf 86' lang='lat' dir='ltr'>brevi</span> <span class='ocrx_word' id='word_1_12' title='bbox 821 383 1062 426; x_wconf 85' lang='lat' dir='ltr'>indicatam</span> <span class='ocrx_word' id='word_1_13' title='bbox 1084 384 1274 427; x_wconf 81' lang='lat' dir='ltr'>alteram</span> <span class='ocrx_word' id='word_1_14' title='bbox 1297 385 1432 441; x_wconf 87' lang='lat' dir='ltr'>sequi,</span> <span class='ocrx_word' id='word_1_15' title='bbox 1465 386 1582 441; x_wconf 90' lang='lat' dir='ltr'>quod</span> <span class='ocrx_word' id='word_1_16' title='bbox 1611 386 1754 441; x_wconf 84' lang='lat' dir='ltr'>poetis</span> 
     </span>
     <span class='ocr_line' id='line_1_4' title="bbox 316 459 1755 518; baseline 0.003 -18"><span class='ocrx_word' id='word_1_17' title='bbox 316 459 501 502; x_wconf 86' lang='lat' dir='ltr'>Graecis</span> <span class='ocrx_word' id='word_1_18' title='bbox 546 459 739 502; x_wconf 79' lang='lat' dir='ltr'>solemne</span> <span class='ocrx_word' id='word_1_19' title='bbox 784 460 923 502; x_wconf 85' lang='lat' dir='ltr'>fuisse</span> <span class='ocrx_word' id='word_1_20' title='bbox 962 461 1008 501; x_wconf 92' lang='lat' dir='ltr'>in</span> <span class='ocrx_word' id='word_1_21' title='bbox 1048 461 1242 503; x_wconf 82' lang='lat' dir='ltr'>Hercule</span> <span class='ocrx_word' id='word_1_22' title='bbox 1288 461 1532 517; x_wconf 88' lang='lat' dir='ltr'>Euripideo</span> <span class='ocrx_word' id='word_1_23' title='bbox 1576 462 1755 518; x_wconf 80' lang='lat' dir='ltr'>egregie</span> 
     </span>
    </p>
   </div>
   <div class='ocr_carea' id='block_1_3' title="bbox 315 535 1820 595">
    <p class='ocr_par' dir='ltr' id='par_1_3' title="bbox 315 535 1820 595">
     <span class='ocr_line' id='line_1_5' title="bbox 315 535 1820 595; baseline 0.003 -18"><span class='ocrx_word' id='word_1_24' title='bbox 315 535 646 578; x_wconf 81' lang='lat' dir='ltr'>demonstravit</span> <span class='ocrx_word' id='word_1_25' title='bbox 677 536 1053 579; x_wconf 87' lang='lat' dir='ltr'>Wilamowitzius</span> <span class='ocrx_word' id='word_1_26' title='bbox 1077 537 1106 592; x_wconf 92' lang='lat'>¹)</span> <span class='ocrx_word' id='word_1_27' title='bbox 1147 542 1193 580; x_wconf 91' lang='lat' dir='ltr'>et</span> <span class='ocrx_word' id='word_1_28' title='bbox 1235 537 1357 579; x_wconf 88' lang='lat' dir='ltr'>cuius</span> <span class='ocrx_word' id='word_1_29' title='bbox 1403 539 1469 580; x_wconf 90' lang='lat' dir='ltr'>rei</span> <span class='ocrx_word' id='word_1_30' title='bbox 1509 539 1756 595; x_wconf 82' lang='lat' dir='ltr'>exemplum</span> <span class='ocrx_word' id='word_1_31' title='bbox 1817 554 1820 556; x_wconf 68' lang='grc'>’</span> 
     </span>
    </p>
   </div>
   <div class='ocr_carea' id='block_1_4' title="bbox 309 612 1756 2516">
    <p class='ocr_par' dir='ltr' id='par_1_4' title="bbox 313 612 1756 1360">
     <span class='ocr_line' id='line_1_6' title="bbox 318 612 1756 669; baseline 0.002 -15"><span class='ocrx_word' id='word_1_32' title='bbox 318 612 470 655; x_wconf 87' lang='lat' dir='ltr'>durius</span> <span class='ocrx_word' id='word_1_33' title='bbox 503 615 575 655; x_wconf 87' lang='lat' dir='ltr'>est</span> <span class='ocrx_word' id='word_1_34' title='bbox 606 613 641 654; x_wconf 90' lang='lat' dir='ltr'>P</span> <span class='ocrx_word' id='word_1_35' title='bbox 673 613 742 655; x_wconf 89' lang='lat' dir='ltr'>IV</span> <span class='ocrx_word' id='word_1_36' title='bbox 777 614 857 654; x_wconf 84' lang='lat'>137</span> <span class='ocrx_word' id='word_1_37' title='bbox 899 617 1104 669; x_wconf 80' lang='grc' dir='ltr'><strong><em>μαλθακᾷ</em></strong></span> <span class='ocrx_word' id='word_1_38' title='bbox 1144 620 1272 669; x_wconf 78' lang='grc' dir='ltr'><em>φωνᾷ</em></span> <span class='ocrx_word' id='word_1_39' title='bbox 1313 615 1581 665; x_wconf 80' lang='grc' dir='ltr'><em>ποτιστάζων</em></span> <span class='ocrx_word' id='word_1_40' title='bbox 1621 617 1756 668; x_wconf 79' lang='grc' dir='ltr'><em>ὄαρον</em></span> 
     </span>
     <span class='ocr_line' id='line_1_7' title="bbox 316 690 1753 747; baseline 0.002 -17"><span class='ocrx_word' id='word_1_41' title='bbox 316 690 498 743; x_wconf 79' lang='grc' dir='ltr'><em>βάλλετο</em></span> <span class='ocrx_word' id='word_1_42' title='bbox 531 691 722 743; x_wconf 78' lang='grc' dir='ltr'><em>κρηπῖδα</em></span> <span class='ocrx_word' id='word_1_43' title='bbox 754 698 908 744; x_wconf 82' lang='grc' dir='ltr'>σοφῶν</span> <span class='ocrx_word' id='word_1_44' title='bbox 939 690 1091 741; x_wconf 83' lang='grc' dir='ltr'><em>ἐπέων,</em></span> <span class='ocrx_word' id='word_1_45' title='bbox 1131 690 1206 731; x_wconf 86' lang='lat' dir='ltr'>ubi</span> <span class='ocrx_word' id='word_1_46' title='bbox 1236 692 1386 733; x_wconf 87' lang='lat' dir='ltr'>tamen</span> <span class='ocrx_word' id='word_1_47' title='bbox 1417 691 1565 733; x_wconf 88' lang='lat' dir='ltr'>altera</span> <span class='ocrx_word' id='word_1_48' title='bbox 1594 691 1753 747; x_wconf 82' lang='lat' dir='ltr'>imago,</span> 
     </span>
     <span class='ocr_line' id='line_1_8' title="bbox 316 766 1756 822; baseline 0.003 -15"><span class='ocrx_word' id='word_1_49' title='bbox 316 766 479 822; x_wconf 85' lang='lat' dir='ltr'>quippe</span> <span class='ocrx_word' id='word_1_50' title='bbox 511 781 623 822; x_wconf 88' lang='lat' dir='ltr'>quae</span> <span class='ocrx_word' id='word_1_51' title='bbox 653 766 953 809; x_wconf 85' lang='lat' dir='ltr'>usitatissima</span> <span class='ocrx_word' id='word_1_52' title='bbox 984 766 1113 821; x_wconf 74' lang='lat' dir='ltr'>sit2),</span> <span class='ocrx_word' id='word_1_53' title='bbox 1161 768 1256 809; x_wconf 77' lang='lat' dir='ltr'>fere</span> <span class='ocrx_word' id='word_1_54' title='bbox 1297 782 1385 810; x_wconf 91' lang='lat' dir='ltr'>non</span> <span class='ocrx_word' id='word_1_55' title='bbox 1417 767 1634 821; x_wconf 74' lang='lat' dir='ltr'>sentitur,</span> <span class='ocrx_word' id='word_1_56' title='bbox 1678 768 1756 811; x_wconf 88' lang='lat' dir='ltr'>sed</span> 
     </span>
     <span class='ocr_line' id='line_1_9' title="bbox 316 843 1753 900; baseline 0.002 -16"><span class='ocrx_word' id='word_1_57' title='bbox 316 857 411 885; x_wconf 88' lang='lat' dir='ltr'>rem</span> <span class='ocrx_word' id='word_1_58' title='bbox 441 858 537 885; x_wconf 92' lang='lat' dir='ltr'>cum</span> <span class='ocrx_word' id='word_1_59' title='bbox 567 843 760 898; x_wconf 83' lang='lat' dir='ltr'>imagine</span> <span class='ocrx_word' id='word_1_60' title='bbox 791 843 1083 895; x_wconf 87' lang='lat' dir='ltr'>coniunctam,</span> <span class='ocrx_word' id='word_1_61' title='bbox 1116 844 1233 900; x_wconf 92' lang='lat' dir='ltr'>quod</span> <span class='ocrx_word' id='word_1_62' title='bbox 1263 843 1641 887; x_wconf 77' lang='lat' dir='ltr'>VVilamowitzius</span> <span class='ocrx_word' id='word_1_63' title='bbox 1673 844 1700 886; x_wconf 93' lang='lat' dir='ltr'>l.</span> <span class='ocrx_word' id='word_1_64' title='bbox 1725 844 1753 887; x_wconf 91' lang='lat' dir='ltr'>l.</span> 
     </span>
     <span class='ocr_line' id='line_1_10' title="bbox 315 919 1756 977; baseline 0.001 -16"><span class='ocrx_word' id='word_1_65' title='bbox 315 935 356 975; x_wconf 91' lang='lat' dir='ltr'>p.</span> <span class='ocrx_word' id='word_1_66' title='bbox 390 920 524 969; x_wconf 69' lang='lat' dir='ltr'><em>103s4</em></span> <span class='ocrx_word' id='word_1_67' title='bbox 575 919 787 976; x_wconf 82' lang='lat' dir='ltr'>exemplis</span> <span class='ocrx_word' id='word_1_68' title='bbox 839 920 992 963; x_wconf 83' lang='lat' dir='ltr'>allatis</span> <span class='ocrx_word' id='word_1_69' title='bbox 1040 920 1308 976; x_wconf 72' lang='lat' dir='ltr'>explicavit,</span> <span class='ocrx_word' id='word_1_70' title='bbox 1361 921 1431 962; x_wconf 90' lang='lat' dir='ltr'>cui</span> <span class='ocrx_word' id='word_1_71' title='bbox 1475 921 1756 977; x_wconf 83' lang='lat' dir='ltr'>praeludium</span> 
     </span>
     <span class='ocr_line' id='line_1_11' title="bbox 314 989 1756 1053; baseline 0.002 -16"><span class='ocrx_word' id='word_1_72' title='bbox 314 996 442 1052; x_wconf 85' lang='lat' dir='ltr'>quasi</span> <span class='ocrx_word' id='word_1_73' title='bbox 473 999 554 1050; x_wconf 86' lang='lat' dir='ltr'>est,</span> <span class='ocrx_word' id='word_1_74' title='bbox 589 997 843 1051; x_wconf 77' lang='grc' dir='ltr'><em>ὑποκρέκει,</em></span> <span class='ocrx_word' id='word_1_75' title='bbox 886 1001 934 1039; x_wconf 89' lang='lat' dir='ltr'>ut</span> <span class='ocrx_word' id='word_1_76' title='bbox 968 997 1203 1039; x_wconf 83' lang='lat' dir='ltr'>Pindarice</span> <span class='ocrx_word' id='word_1_77' title='bbox 1234 989 1413 1053; x_wconf 74' lang='lat' dir='ltr'>loquar,</span> <span class='ocrx_word' id='word_1_78' title='bbox 1456 1013 1560 1040; x_wconf 88' lang='lat' dir='ltr'>usus</span> <span class='ocrx_word' id='word_1_79' title='bbox 1592 997 1756 1040; x_wconf 81' lang='lat' dir='ltr'>Pinda-</span> 
     </span>
     <span class='ocr_line' id='line_1_12' title="bbox 315 1073 1755 1130; baseline 0.001 -15"><span class='ocrx_word' id='word_1_80' title='bbox 315 1073 458 1125; x_wconf 87' lang='lat' dir='ltr'>ricus,</span> <span class='ocrx_word' id='word_1_81' title='bbox 506 1073 581 1129; x_wconf 88' lang='lat' dir='ltr'>qui</span> <span class='ocrx_word' id='word_1_82' title='bbox 627 1073 735 1116; x_wconf 88' lang='lat' dir='ltr'>duas</span> <span class='ocrx_word' id='word_1_83' title='bbox 782 1073 980 1116; x_wconf 73' lang='lat' dir='ltr'>actiones</span> <span class='ocrx_word' id='word_1_84' title='bbox 1027 1073 1282 1130; x_wconf 83' lang='lat' dir='ltr'>coniungit,</span> <span class='ocrx_word' id='word_1_85' title='bbox 1331 1074 1446 1116; x_wconf 88' lang='lat' dir='ltr'>sicut</span> <span class='ocrx_word' id='word_1_86' title='bbox 1491 1075 1526 1117; x_wconf 88' lang='lat' dir='ltr'><em>O</em></span> <span class='ocrx_word' id='word_1_87' title='bbox 1571 1075 1659 1117; x_wconf 84' lang='lat' dir='ltr'>VH</span> <span class='ocrx_word' id='word_1_88' title='bbox 1698 1075 1755 1117; x_wconf 82' lang='lat'>80</span> 
     </span>
     <span class='ocr_line' id='line_1_13' title="bbox 314 1150 1755 1207; baseline 0.001 -15"><span class='ocrx_word' id='word_1_89' title='bbox 314 1165 472 1207; x_wconf 90' lang='lat' dir='ltr'>pompa</span> <span class='ocrx_word' id='word_1_90' title='bbox 505 1152 551 1192; x_wconf 90' lang='lat' dir='ltr'>et</span> <span class='ocrx_word' id='word_1_91' title='bbox 574 1150 839 1192; x_wconf 86' lang='lat' dir='ltr'>sacrificium</span> <span class='ocrx_word' id='word_1_92' title='bbox 860 1150 1190 1206; x_wconf 90' lang='lat' dir='ltr'>coniunguntur</span> <span class='ocrx_word' id='word_1_93' title='bbox 1221 1151 1267 1192; x_wconf 88' lang='lat' dir='ltr'>in</span> <span class='ocrx_word' id='word_1_94' title='bbox 1298 1165 1348 1193; x_wconf 91' lang='lat' dir='ltr'>eo</span> <span class='ocrx_word' id='word_1_95' title='bbox 1371 1151 1487 1207; x_wconf 89' lang='lat' dir='ltr'>quod</span> <span class='ocrx_word' id='word_1_96' title='bbox 1514 1157 1583 1194; x_wconf 88' lang='lat' dir='ltr'>est</span> <span class='ocrx_word' id='word_1_97' title='bbox 1604 1155 1755 1206; x_wconf 82' lang='grc' dir='ltr'><em>μήλων</em></span> 
     </span>
     <span class='ocr_line' id='line_1_14' title="bbox 313 1227 1753 1283; baseline 0.002 -15"><span class='ocrx_word' id='word_1_98' title='bbox 313 1228 580 1268; x_wconf 82' lang='grc' dir='ltr'><em>κνισσάεσσα</em></span> <span class='ocrx_word' id='word_1_99' title='bbox 621 1228 793 1280; x_wconf 72' lang='grc' dir='ltr'><em>πομποὶ,</em></span> <span class='ocrx_word' id='word_1_100' title='bbox 841 1230 921 1269; x_wconf 91' lang='lat' dir='ltr'>aut</span> <span class='ocrx_word' id='word_1_101' title='bbox 965 1227 1110 1269; x_wconf 86' lang='lat' dir='ltr'>fumus</span> <span class='ocrx_word' id='word_1_102' title='bbox 1159 1231 1205 1270; x_wconf 87' lang='lat' dir='ltr'>et</span> <span class='ocrx_word' id='word_1_103' title='bbox 1250 1227 1366 1283; x_wconf 89' lang='lat' dir='ltr'>ignis</span> <span class='ocrx_word' id='word_1_104' title='bbox 1409 1228 1661 1270; x_wconf 88' lang='lat' dir='ltr'>coalescunt</span> <span class='ocrx_word' id='word_1_105' title='bbox 1707 1229 1753 1271; x_wconf 91' lang='lat' dir='ltr'>in</span> 
     </span>
     <span class='ocr_line' id='line_1_15' title="bbox 314 1303 1374 1360; baseline 0.001 -15"><span class='ocrx_word' id='word_1_106' title='bbox 314 1305 474 1346; x_wconf 82' lang='lat' dir='ltr'>mirum</span> <span class='ocrx_word' id='word_1_107' title='bbox 505 1303 617 1346; x_wconf 86' lang='lat' dir='ltr'>illud</span> <span class='ocrx_word' id='word_1_108' title='bbox 650 1305 685 1347; x_wconf 92' lang='lat' dir='ltr'>O</span> <span class='ocrx_word' id='word_1_109' title='bbox 719 1304 840 1346; x_wconf 82' lang='lat' dir='ltr'>VIII</span> <span class='ocrx_word' id='word_1_110' title='bbox 873 1305 926 1346; x_wconf 76' lang='lat'>36</span> <span class='ocrx_word' id='word_1_111' title='bbox 958 1306 1120 1358; x_wconf 77' lang='grc' dir='ltr'><em>λαβρὸς</em></span> <span class='ocrx_word' id='word_1_112' title='bbox 1133 1304 1165 1360; x_wconf 87' lang='lat'>3)</span> <span class='ocrx_word' id='word_1_113' title='bbox 1197 1307 1374 1354; x_wconf 73' lang='grc' dir='ltr'><em>καπνός.</em></span> 
     </span>
    </p>

    <p class='ocr_par' dir='ltr' id='par_1_5' title="bbox 312 1381 1753 1669">
     <span class='ocr_line' id='line_1_16' title="bbox 428 1381 1752 1437; baseline 0 -13"><span class='ocrx_word' id='word_1_114' title='bbox 428 1381 517 1424; x_wconf 82' lang='lat' dir='ltr'>Res</span> <span class='ocrx_word' id='word_1_115' title='bbox 571 1384 617 1424; x_wconf 90' lang='lat' dir='ltr'>et</span> <span class='ocrx_word' id='word_1_116' title='bbox 656 1381 802 1437; x_wconf 82' lang='lat' dir='ltr'>imago</span> <span class='ocrx_word' id='word_1_117' title='bbox 845 1381 1010 1437; x_wconf 85' lang='lat' dir='ltr'>duplici</span> <span class='ocrx_word' id='word_1_118' title='bbox 1042 1381 1217 1424; x_wconf 87' lang='lat' dir='ltr'>ratione</span> <span class='ocrx_word' id='word_1_119' title='bbox 1263 1381 1619 1436; x_wconf 88' lang='lat' dir='ltr'>coniunguntur:</span> <span class='ocrx_word' id='word_1_120' title='bbox 1672 1383 1752 1424; x_wconf 84' lang='lat' dir='ltr'>aut</span> 
     </span>
     <span class='ocr_line' id='line_1_17' title="bbox 313 1458 1753 1514; baseline 0.001 -14"><span class='ocrx_word' id='word_1_121' title='bbox 313 1459 459 1514; x_wconf 84' lang='lat' dir='ltr'>imago</span> <span class='ocrx_word' id='word_1_122' title='bbox 491 1460 706 1501; x_wconf 84' lang='lat' dir='ltr'>turbatur</span> <span class='ocrx_word' id='word_1_123' title='bbox 738 1473 845 1501; x_wconf 82' lang='lat' dir='ltr'>voce</span> <span class='ocrx_word' id='word_1_124' title='bbox 877 1461 1049 1501; x_wconf 88' lang='lat' dir='ltr'>inserta</span> <span class='ocrx_word' id='word_1_125' title='bbox 1081 1472 1192 1514; x_wconf 88' lang='lat' dir='ltr'>quae</span> <span class='ocrx_word' id='word_1_126' title='bbox 1229 1458 1285 1500; x_wconf 90' lang='lat' dir='ltr'>ad</span> <span class='ocrx_word' id='word_1_127' title='bbox 1316 1473 1410 1500; x_wconf 89' lang='lat' dir='ltr'>rem</span> <span class='ocrx_word' id='word_1_128' title='bbox 1440 1458 1641 1514; x_wconf 83' lang='lat' dir='ltr'>pertinet</span> <span class='ocrx_word' id='word_1_129' title='bbox 1672 1461 1753 1501; x_wconf 85' lang='lat' dir='ltr'>aut</span> 
     </span>
     <span class='ocr_line' id='line_1_18' title="bbox 312 1535 1751 1591; baseline 0.001 -14"><span class='ocrx_word' id='word_1_130' title='bbox 312 1535 519 1591; x_wconf 85' lang='lat' dir='ltr'>imaginis</span> <span class='ocrx_word' id='word_1_131' title='bbox 572 1550 676 1591; x_wconf 76' lang='lat' dir='ltr'>pars</span> <span class='ocrx_word' id='word_1_132' title='bbox 722 1535 962 1578; x_wconf 81' lang='lat' dir='ltr'>intercedit</span> <span class='ocrx_word' id='word_1_133' title='bbox 1005 1535 1125 1577; x_wconf 90' lang='lat' dir='ltr'>inter</span> <span class='ocrx_word' id='word_1_134' title='bbox 1173 1535 1515 1591; x_wconf 86' lang='lat' dir='ltr'>descriptionem</span> <span class='ocrx_word' id='word_1_135' title='bbox 1559 1535 1751 1591; x_wconf 88' lang='lat' dir='ltr'>imagine</span> 
     </span>
     <span class='ocr_line' id='line_1_19' title="bbox 312 1612 1443 1669; baseline -0.002 -14"><span class='ocrx_word' id='word_1_136' title='bbox 312 1617 561 1666; x_wconf 69' lang='lat' dir='ltr'>carentem,</span> <span class='ocrx_word' id='word_1_137' title='bbox 609 1613 844 1669; x_wconf 86' lang='lat' dir='ltr'>utriusque</span> <span class='ocrx_word' id='word_1_138' title='bbox 876 1613 941 1655; x_wconf 83' lang='lat' dir='ltr'>rei</span> <span class='ocrx_word' id='word_1_139' title='bbox 973 1612 1175 1668; x_wconf 81' lang='lat' dir='ltr'>exempla</span> <span class='ocrx_word' id='word_1_140' title='bbox 1205 1613 1443 1669; x_wconf 86' lang='lat' dir='ltr'>proferam.</span> 
     </span>
    </p>

    <p class='ocr_par' dir='ltr' id='par_1_6' title="bbox 309 1689 1751 2516">
     <span class='ocr_line' id='line_1_20' title="bbox 429 1689 1750 1746; baseline -0.001 -13"><span class='ocrx_word' id='word_1_141' title='bbox 429 1691 464 1733; x_wconf 91' lang='lat' dir='ltr'>O</span> <span class='ocrx_word' id='word_1_142' title='bbox 497 1690 591 1732; x_wconf 86' lang='lat' dir='ltr'>VH</span> <span class='ocrx_word' id='word_1_143' title='bbox 625 1691 673 1731; x_wconf 86' lang='grc'>11</span> <span class='ocrx_word' id='word_1_144' title='bbox 708 1689 872 1732; x_wconf 83' lang='lat' dir='ltr'>Gratia</span> <span class='ocrx_word' id='word_1_145' title='bbox 916 1690 1080 1733; x_wconf 89' lang='lat' dir='ltr'>dicitur</span> <span class='ocrx_word' id='word_1_146' title='bbox 1127 1691 1343 1733; x_wconf 89' lang='lat' dir='ltr'>victorem</span> <span class='ocrx_word' id='word_1_147' title='bbox 1382 1691 1535 1734; x_wconf 88' lang='lat' dir='ltr'>videre</span> <span class='ocrx_word' id='word_1_148' title='bbox 1578 1690 1750 1746; x_wconf 89' lang='lat' dir='ltr'>placido</span> 
     </span>
     <span class='ocr_line' id='line_1_21' title="bbox 312 1766 1751 1824; baseline 0.001 -16"><span class='ocrx_word' id='word_1_149' title='bbox 312 1766 488 1820; x_wconf 85' lang='lat' dir='ltr'>lumine,</span> <span class='ocrx_word' id='word_1_150' title='bbox 522 1774 572 1809; x_wconf 87' lang='lat' dir='ltr'>ut</span> <span class='ocrx_word' id='word_1_151' title='bbox 603 1767 855 1810; x_wconf 87' lang='lat' dir='ltr'>Horatiano</span> <span class='ocrx_word' id='word_1_152' title='bbox 888 1767 965 1809; x_wconf 85' lang='lat' dir='ltr'>illo</span> <span class='ocrx_word' id='word_1_153' title='bbox 997 1771 1115 1815; x_wconf 76' lang='lat' dir='ltr'>utar,</span> <span class='ocrx_word' id='word_1_154' title='bbox 1161 1767 1236 1809; x_wconf 91' lang='lat' dir='ltr'>sed</span> <span class='ocrx_word' id='word_1_155' title='bbox 1268 1767 1445 1811; x_wconf 86' lang='lat' dir='ltr'>deletur</span> <span class='ocrx_word' id='word_1_156' title='bbox 1478 1768 1623 1822; x_wconf 80' lang='lat' dir='ltr'>imago</span> <span class='ocrx_word' id='word_1_157' title='bbox 1654 1767 1751 1824; x_wconf 86' lang='lat' dir='ltr'>pul-</span> 
     </span>
     <span class='ocr_line' id='line_1_22' title="bbox 313 1843 1749 1899; baseline 0 -13"><span class='ocrx_word' id='word_1_158' title='bbox 313 1844 440 1897; x_wconf 86' lang='lat' dir='ltr'>chra,</span> <span class='ocrx_word' id='word_1_159' title='bbox 487 1860 583 1887; x_wconf 89' lang='lat' dir='ltr'>cum</span> <span class='ocrx_word' id='word_1_160' title='bbox 627 1845 821 1887; x_wconf 84' lang='lat' dir='ltr'>addatur</span> <span class='ocrx_word' id='word_1_161' title='bbox 854 1861 892 1886; x_wconf 87' lang='lat' dir='ltr'>v.</span> <span class='ocrx_word' id='word_1_162' title='bbox 928 1845 1005 1886; x_wconf 79' lang='lat'>12:</span> <span class='ocrx_word' id='word_1_163' title='bbox 1048 1846 1170 1899; x_wconf 82' lang='grc' dir='ltr'><em>θαμὰ</em></span> <span class='ocrx_word' id='word_1_164' title='bbox 1209 1843 1290 1898; x_wconf 73' lang='grc' dir='ltr'>μὲν</span> <span class='ocrx_word' id='word_1_165' title='bbox 1322 1847 1534 1899; x_wconf 78' lang='grc' dir='ltr'><em>φόρμιγγι</em></span> <span class='ocrx_word' id='word_1_166' title='bbox 1567 1846 1749 1899; x_wconf 84' lang='grc' dir='ltr'><em>παμφώ-</em></span> 
     </span>
     <span class='ocr_line' id='line_1_23' title="bbox 311 1921 1749 1977; baseline 0 -14"><span class='ocrx_word' id='word_1_167' title='bbox 311 1924 433 1963; x_wconf 86' lang='grc' dir='ltr'><em>νοισί</em></span> <span class='ocrx_word' id='word_1_168' title='bbox 459 1921 490 1963; x_wconf 85' lang='grc' dir='ltr'>τ’</span> <span class='ocrx_word' id='word_1_169' title='bbox 527 1921 573 1963; x_wconf 84' lang='grc' dir='ltr'>ἐν</span> <span class='ocrx_word' id='word_1_170' title='bbox 605 1924 776 1964; x_wconf 80' lang='grc' dir='ltr'><em>ἔντεσιν</em></span> <span class='ocrx_word' id='word_1_171' title='bbox 807 1922 967 1963; x_wconf 80' lang='grc' dir='ltr'><em>αὐλῶν.</em></span> <span class='ocrx_word' id='word_1_172' title='bbox 1029 1921 1064 1963; x_wconf 84' lang='grc' dir='ltr'>Ρ</span> <span class='ocrx_word' id='word_1_173' title='bbox 1097 1921 1166 1963; x_wconf 87' lang='lat' dir='ltr'>IX</span> <span class='ocrx_word' id='word_1_174' title='bbox 1197 1922 1251 1964; x_wconf 81' lang='lat'>37</span> <span class='ocrx_word' id='word_1_175' title='bbox 1298 1927 1343 1964; x_wconf 87' lang='lat' dir='ltr'>et</span> <span class='ocrx_word' id='word_1_176' title='bbox 1385 1922 1442 1965; x_wconf 82' lang='lat' dir='ltr'>fr.</span> <span class='ocrx_word' id='word_1_177' title='bbox 1476 1923 1556 1963; x_wconf 73' lang='lat'>122</span> <span class='ocrx_word' id='word_1_178' title='bbox 1603 1922 1749 1977; x_wconf 88' lang='lat' dir='ltr'>imago</span> 
     </span>
     <span class='ocr_line' id='line_1_24' title="bbox 310 1998 1747 2055; baseline 0.001 -16"><span class='ocrx_word' id='word_1_179' title='bbox 310 1998 434 2040; x_wconf 88' lang='lat' dir='ltr'>floris</span> <span class='ocrx_word' id='word_1_180' title='bbox 481 1999 703 2055; x_wconf 73' lang='lat' dir='ltr'>decerpti,</span> <span class='ocrx_word' id='word_1_181' title='bbox 749 2013 861 2055; x_wconf 86' lang='lat' dir='ltr'>quae</span> <span class='ocrx_word' id='word_1_182' title='bbox 906 2002 1014 2041; x_wconf 89' lang='lat' dir='ltr'>nota</span> <span class='ocrx_word' id='word_1_183' title='bbox 1060 2000 1131 2041; x_wconf 89' lang='lat' dir='ltr'>est</span> <span class='ocrx_word' id='word_1_184' title='bbox 1178 1998 1250 2040; x_wconf 85' lang='lat' dir='ltr'>vel</span> <span class='ocrx_word' id='word_1_185' title='bbox 1296 2014 1350 2040; x_wconf 79' lang='lat' dir='ltr'>ex</span> <span class='ocrx_word' id='word_1_186' title='bbox 1383 1998 1553 2041; x_wconf 87' lang='lat' dir='ltr'>Catulli</span> <span class='ocrx_word' id='word_1_187' title='bbox 1594 1999 1661 2041; x_wconf 81' lang='grc'>62.</span> <span class='ocrx_word' id='word_1_188' title='bbox 1681 1998 1747 2051; x_wconf 88' lang='grc'>39,</span> 
     </span>
     <span class='ocr_line' id='line_1_25' title="bbox 309 2075 1748 2132; baseline -0.001 -15"><span class='ocrx_word' id='word_1_189' title='bbox 309 2075 622 2131; x_wconf 86' lang='lat' dir='ltr'>pessumdatur</span> <span class='ocrx_word' id='word_1_190' title='bbox 669 2075 835 2118; x_wconf 85' lang='lat' dir='ltr'>additis</span> <span class='ocrx_word' id='word_1_191' title='bbox 882 2075 1060 2117; x_wconf 82' lang='lat' dir='ltr'>vocibus</span> <span class='ocrx_word' id='word_1_192' title='bbox 1103 2090 1214 2131; x_wconf 90' lang='lat' dir='ltr'>quae</span> <span class='ocrx_word' id='word_1_193' title='bbox 1255 2075 1311 2117; x_wconf 89' lang='lat' dir='ltr'>ad</span> <span class='ocrx_word' id='word_1_194' title='bbox 1342 2075 1481 2132; x_wconf 87' lang='lat' dir='ltr'>ipsam</span> <span class='ocrx_word' id='word_1_195' title='bbox 1524 2090 1616 2118; x_wconf 93' lang='lat' dir='ltr'>rem</span> <span class='ocrx_word' id='word_1_196' title='bbox 1649 2089 1748 2131; x_wconf 90' lang='lat' dir='ltr'>per-</span> 
     </span>
     <span class='ocr_line' id='line_1_26' title="bbox 311 2152 1748 2208; baseline 0 -14"><span class='ocrx_word' id='word_1_197' title='bbox 311 2152 481 2203; x_wconf 84' lang='lat' dir='ltr'>tinent,</span> <span class='ocrx_word' id='word_1_198' title='bbox 525 2153 570 2194; x_wconf 85' lang='grc' dir='ltr'>ἐκ</span> <span class='ocrx_word' id='word_1_199' title='bbox 612 2153 772 2208; x_wconf 79' lang='grc' dir='ltr'><em>λεχέων</em></span> <span class='ocrx_word' id='word_1_200' title='bbox 813 2152 882 2194; x_wconf 74' lang='lat' dir='ltr'>vel</span> <span class='ocrx_word' id='word_1_201' title='bbox 926 2152 1168 2205; x_wconf 78' lang='grc' dir='ltr'><em>ἐρατειναῖς</em></span> <span class='ocrx_word' id='word_1_202' title='bbox 1212 2153 1258 2194; x_wconf 83' lang='grc' dir='ltr'>ἐν</span> <span class='ocrx_word' id='word_1_203' title='bbox 1291 2153 1451 2201; x_wconf 81' lang='grc' dir='ltr'><em>εὐναῖς.</em></span> <span class='ocrx_word' id='word_1_204' title='bbox 1515 2152 1557 2193; x_wconf 83' lang='lat' dir='ltr'>N</span> <span class='ocrx_word' id='word_1_205' title='bbox 1587 2152 1662 2193; x_wconf 78' lang='lat' dir='ltr'>HI</span> <span class='ocrx_word' id='word_1_206' title='bbox 1694 2152 1748 2194; x_wconf 89' lang='grc'>76</span> 
     </span>
     <span class='ocr_line' id='line_1_27' title="bbox 311 2229 1747 2286; baseline -0.001 -15"><span class='ocrx_word' id='word_1_207' title='bbox 311 2244 488 2271; x_wconf 87' lang='lat' dir='ltr'>carmen</span> <span class='ocrx_word' id='word_1_208' title='bbox 527 2230 699 2286; x_wconf 88' lang='lat' dir='ltr'>potioni</span> <span class='ocrx_word' id='word_1_209' title='bbox 744 2245 797 2271; x_wconf 78' lang='lat' dir='ltr'>cx</span> <span class='ocrx_word' id='word_1_210' title='bbox 828 2229 958 2272; x_wconf 89' lang='lat' dir='ltr'>melle</span> <span class='ocrx_word' id='word_1_211' title='bbox 998 2233 1044 2271; x_wconf 89' lang='lat' dir='ltr'>et</span> <span class='ocrx_word' id='word_1_212' title='bbox 1083 2229 1200 2271; x_wconf 80' lang='lat' dir='ltr'>lacte</span> <span class='ocrx_word' id='word_1_213' title='bbox 1241 2229 1405 2271; x_wconf 84' lang='lat' dir='ltr'>mixtae</span> <span class='ocrx_word' id='word_1_214' title='bbox 1447 2231 1747 2285; x_wconf 82' lang='lat' dir='ltr'>comparatur,</span> 
     </span>
     <span class='ocr_line' id='line_1_28' title="bbox 312 2305 1748 2362; baseline -0.001 -14"><span class='ocrx_word' id='word_1_215' title='bbox 312 2306 489 2348; x_wconf 83' lang='lat' dir='ltr'>deletur</span> <span class='ocrx_word' id='word_1_216' title='bbox 542 2307 687 2361; x_wconf 84' lang='lat' dir='ltr'>imago</span> <span class='ocrx_word' id='word_1_217' title='bbox 734 2321 865 2349; x_wconf 84' lang='lat' dir='ltr'>versu</span> <span class='ocrx_word' id='word_1_218' title='bbox 909 2307 981 2359; x_wconf 82' lang='lat'>79,</span> <span class='ocrx_word' id='word_1_219' title='bbox 1030 2306 1104 2362; x_wconf 87' lang='lat' dir='ltr'>qui</span> <span class='ocrx_word' id='word_1_220' title='bbox 1144 2305 1270 2348; x_wconf 87' lang='lat' dir='ltr'>addit</span> <span class='ocrx_word' id='word_1_221' title='bbox 1310 2306 1410 2359; x_wconf 73' lang='grc' dir='ltr'><strong>πόμ’</strong></span> <span class='ocrx_word' id='word_1_222' title='bbox 1455 2305 1658 2359; x_wconf 79' lang='grc' dir='ltr'><em>ἀοίδιμον</em></span> <span class='ocrx_word' id='word_1_223' title='bbox 1701 2306 1748 2348; x_wconf 84' lang='grc' dir='ltr'>ἐν</span> 
     </span>
     <span class='ocr_line' id='line_1_29' title="bbox 311 2382 1748 2426; baseline 0.001 -2"><span class='ocrx_word' id='word_1_224' title='bbox 311 2391 517 2425; x_wconf 85' lang='grc' dir='ltr'><em>πνοαῖσιν</em></span> <span class='ocrx_word' id='word_1_225' title='bbox 550 2385 709 2425; x_wconf 81' lang='grc' dir='ltr'><em>αὐλῶν.</em></span> <span class='ocrx_word' id='word_1_226' title='bbox 772 2383 812 2424; x_wconf 82' lang='lat' dir='ltr'>N</span> <span class='ocrx_word' id='word_1_227' title='bbox 846 2383 964 2426; x_wconf 78' lang='lat' dir='ltr'>VIII</span> <span class='ocrx_word' id='word_1_228' title='bbox 995 2383 1050 2425; x_wconf 77' lang='lat'>46</span> <span class='ocrx_word' id='word_1_229' title='bbox 1082 2397 1259 2425; x_wconf 80' lang='lat' dir='ltr'>carmen</span> <span class='ocrx_word' id='word_1_230' title='bbox 1303 2396 1398 2425; x_wconf 81' lang='lat' dir='ltr'>Cum</span> <span class='ocrx_word' id='word_1_231' title='bbox 1443 2382 1536 2425; x_wconf 80' lang='lat' dir='ltr'>basi</span> <span class='ocrx_word' id='word_1_232' title='bbox 1569 2386 1748 2425; x_wconf 81' lang='lat' dir='ltr'>statuae</span> 
     </span>
     <span class='ocr_line' id='line_1_30' title="bbox 312 2458 1747 2516; baseline 0 -14"><span class='ocrx_word' id='word_1_233' title='bbox 312 2460 427 2502; x_wconf 88' lang='lat' dir='ltr'>sicut</span> <span class='ocrx_word' id='word_1_234' title='bbox 460 2460 500 2502; x_wconf 80' lang='lat' dir='ltr'>N</span> <span class='ocrx_word' id='word_1_235' title='bbox 532 2460 600 2503; x_wconf 83' lang='lat' dir='ltr'>IV</span> <span class='ocrx_word' id='word_1_236' title='bbox 632 2462 683 2502; x_wconf 75' lang='lat'>81</span> <span class='ocrx_word' id='word_1_237' title='bbox 730 2475 826 2503; x_wconf 88' lang='lat' dir='ltr'>cum</span> <span class='ocrx_word' id='word_1_238' title='bbox 857 2460 1058 2502; x_wconf 84' lang='lat' dir='ltr'>columna</span> <span class='ocrx_word' id='word_1_239' title='bbox 1090 2462 1396 2516; x_wconf 87' lang='lat' dir='ltr'>comparatur,</span> <span class='ocrx_word' id='word_1_240' title='bbox 1440 2460 1515 2501; x_wconf 86' lang='lat' dir='ltr'>sed</span> <span class='ocrx_word' id='word_1_241' title='bbox 1562 2462 1612 2501; x_wconf 94' lang='lat' dir='ltr'>ut</span> <span class='ocrx_word' id='word_1_242' title='bbox 1659 2458 1747 2502; x_wconf 90' lang='lat' dir='ltr'>dis-</span> 
     </span>
    </p>
   </div>
   <div class='ocr_carea' id='block_1_5' title="bbox 401 2633 1462 2812">
    <p class='ocr_par' dir='ltr' id='par_1_7' title="bbox 401 2633 1462 2812">
     <span class='ocr_line' id='line_1_31' title="bbox 405 2633 978 2677; baseline 0.002 -11"><span class='ocrx_word' id='word_1_243' title='bbox 405 2636 438 2676; x_wconf 82' lang='lat'>1)</span> <span class='ocrx_word' id='word_1_244' title='bbox 466 2633 669 2667; x_wconf 78' lang='lat' dir='ltr'>Herakles²</span> <span class='ocrx_word' id='word_1_245' title='bbox 696 2633 729 2667; x_wconf 85' lang='grc' dir='ltr'>ΙΙ</span> <span class='ocrx_word' id='word_1_246' title='bbox 758 2645 790 2677; x_wconf 79' lang='lat' dir='ltr'>p.</span> <span class='ocrx_word' id='word_1_247' title='bbox 823 2635 886 2668; x_wconf 78' lang='lat'>194</span> <span class='ocrx_word' id='word_1_248' title='bbox 903 2643 978 2677; x_wconf 88' lang='lat' dir='ltr'>sqq.</span> 
     </span>
     <span class='ocr_line' id='line_1_32' title="bbox 401 2699 1462 2744; baseline -0.001 -11"><span class='ocrx_word' id='word_1_249' title='bbox 401 2702 438 2744; x_wconf 87' lang='lat'>2)</span> <span class='ocrx_word' id='word_1_250' title='bbox 466 2699 518 2733; x_wconf 84' lang='lat' dir='ltr'>Cf.</span> <span class='ocrx_word' id='word_1_251' title='bbox 547 2700 860 2734; x_wconf 77' lang='lat' dir='ltr'>Wilamowitzium</span> <span class='ocrx_word' id='word_1_252' title='bbox 887 2700 987 2734; x_wconf 83' lang='lat' dir='ltr'>Her.²</span> <span class='ocrx_word' id='word_1_253' title='bbox 1017 2700 1045 2733; x_wconf 94' lang='lat'>11</span> <span class='ocrx_word' id='word_1_254' title='bbox 1076 2712 1108 2743; x_wconf 83' lang='lat' dir='ltr'>p.</span> <span class='ocrx_word' id='word_1_255' title='bbox 1137 2702 1203 2734; x_wconf 78' lang='lat'>257</span> <span class='ocrx_word' id='word_1_256' title='bbox 1231 2699 1276 2733; x_wconf 86' lang='lat' dir='ltr'>ad</span> <span class='ocrx_word' id='word_1_257' title='bbox 1303 2711 1332 2733; x_wconf 74' lang='grc' dir='ltr'>ν.</span> <span class='ocrx_word' id='word_1_258' title='bbox 1366 2701 1462 2733; x_wconf 83' lang='grc'>1261.</span> 
     </span>
     <span class='ocr_line' id='line_1_33' title="bbox 403 2765 1325 2812; baseline 0.001 -13"><span class='ocrx_word' id='word_1_259' title='bbox 403 2768 439 2809; x_wconf 78' lang='lat'>3)</span> <span class='ocrx_word' id='word_1_260' title='bbox 466 2767 562 2810; x_wconf 82' lang='lat' dir='ltr'>Ignis</span> <span class='ocrx_word' id='word_1_261' title='bbox 591 2767 776 2810; x_wconf 74' lang='lat' dir='ltr'>epitheton</span> <span class='ocrx_word' id='word_1_262' title='bbox 804 2771 857 2800; x_wconf 77' lang='lat' dir='ltr'>est</span> <span class='ocrx_word' id='word_1_263' title='bbox 884 2765 1018 2812; x_wconf 79' lang='grc' dir='ltr'><em>λαβρός</em></span> <span class='ocrx_word' id='word_1_264' title='bbox 1046 2767 1132 2800; x_wconf 85' lang='lat' dir='ltr'>Eur.</span> <span class='ocrx_word' id='word_1_265' title='bbox 1161 2765 1220 2800; x_wconf 88' lang='lat' dir='ltr'>Or.</span> <span class='ocrx_word' id='word_1_266' title='bbox 1248 2767 1325 2800; x_wconf 76' lang='lat'>(597.</span> 
     </span>
    </p>
   </div>
  </div>
 </body>
</html>
