2111 3303
1067 247 1123 289 54

372 379 482 421 quae
515 362 692 406 collatis
739 366 784 404 et
829 376 881 404 ea
913 376 1025 417 quae
1063 360 1294 417 praecedit
1325 376 1364 402 v,
1399 360 1452 402 12
1485 364 1809 415 φιλησίμολπος

372 443 418 484 et
465 454 573 482 voce
603 437 929 495 Xenophontea
978 437 1319 492 ἐρασιχρήματος
1363 436 1495 479 facile
1542 437 1806 494 explicatur.

371 517 467 570 Quo
500 515 711 558 maiorem
743 515 932 571 praebet
955 513 1268 555 difficultatem
1293 513 1536 569 epitheton,
1568 514 1684 570 quod
1704 513 1809 556 Pin-
1839 571 1842 574 ⁴

371 593 505 636 darus
538 592 590 648 (P
623 592 691 634 IV
724 591 822 647 136)
866 590 1042 648 puellae
1087 589 1255 632 tribuit
1293 589 1660 644 ἐρασιπλόκαμος;
1706 604 1809 632 nam

371 670 555 713 eandem
587 668 808 711 rationem
841 668 1004 710 secutis
1038 681 1089 709 ea
1123 681 1209 709 vox
1238 666 1364 709 nobis
1397 666 1659 723 explicanda
1690 668 1810 709 esset

370 747 396 801 ἡ
429 754 517 788 τῶν
549 746 787 799 πλοκάμων
834 744 989 799 ἐρῶσα,
1039 758 1169 800 quam
1214 743 1639 799 interpretationem
1669 757 1810 799 neque

370 823 467 865 loco
499 821 736 865 Pindarico
770 821 1006 864 convenire
1030 835 1171 877 neque
1187 819 1316 876 Ibyci
1339 819 1594 875 fragmento
1617 820 1656 873 9,
1679 819 1705 860 2
1731 819 1808 871 13⁴,

371 899 446 941 ubi
479 898 632 941 eadem
677 898 853 941 ratione
899 897 1050 954 puella
1097 897 1457 951 ἑρασιπλόκαμος,
1498 896 1707 938 nimirum
1740 895 1809 938 εὐ-

371 979 610 1030 πλόκαμος,
658 975 836 1028 dicitur,
867 989 994 1017 nemo
1027 973 1277 1030 negaverit.
1354 973 1521 1015 Eadem
1565 972 1809 1015 difficultas

373 1052 572 1096 occurrit
603 1053 648 1094 in
681 1067 814 1094 versu
845 1051 1079 1094 Nonniano
1111 1051 1155 1092 X
1175 1050 1272 1105 256,
1302 1050 1378 1092 ubi
1399 1050 1582 1107 Jupiter
1614 1051 1659 1092 in
1689 1049 1811 1106 aqui—

371 1130 461 1173 lam
494 1131 694 1172 mutatus
741 1129 1037 1183 ἐρασίπτερος,
1087 1127 1168 1169 hoc
1199 1130 1269 1170 est
1299 1127 1495 1183 pulchris
1528 1126 1611 1169 alis
1636 1126 1812 1183 praedi-

371 1209 445 1250 tus
488 1206 654 1248 dicitur
685 1220 825 1261 neque
858 1219 961 1247 casu
994 1204 1163 1247 factum
1195 1207 1276 1256 est,
1311 1203 1426 1260 quod
1455 1203 1526 1246 hic
1555 1219 1661 1246 usus
1694 1204 1812 1246 inve-

371 1284 499 1326 nitur
533 1283 650 1339 apud
681 1283 868 1337 Ibycum
917 1284 964 1324 et
1002 1281 1049 1323 in
1081 1296 1130 1323 eo
1173 1280 1366 1323 carmine
1398 1280 1648 1332 Pindarico,
1695 1279 1813 1336 quod

372 1361 568 1403 colorem
601 1360 769 1415 epicum
801 1358 1083 1415 apertissime
1115 1372 1225 1415 prae
1257 1372 1304 1400 se
1335 1357 1458 1400 ferre
1481 1371 1618 1414 supra
1638 1357 1811 1399 demon-

374 1436 642 1490 stravimus3
690 1439 848 1478 nostro
896 1435 993 1477 iure
1040 1434 1180 1490 igitur
1225 1434 1278 1477 de
1310 1433 1510 1490 exemplo
1543 1433 1664 1490 epico
1698 1433 1813 1490 quod

369 1513 499 1555 nobis
547 1513 719 1569 quidem
768 1509 1017 1554 servatum'
1043 1526 1130 1553 non
1170 1516 1240 1552 est
1283 1510 1529 1566 cogitamus
1545 1510 1586 1563 1).
1663 1510 1813 1565 Igitur

372 1604 460 1632 vox
507 1604 620 1646 quae
661 1594 729 1632 est
777 1588 1126 1642 ἐρασιπλόκαμος
1156 1587 1271 1629 idem
1302 1587 1426 1630 valet
1458 1590 1593 1643 atque
1625 1601 1713 1629 vox
1743 1601 1813 1629 re-

374 1667 547 1709 centior
595 1666 961 1720 ἐρατοπλόκαμος,
1005 1665 1074 1707 cui
1118 1664 1217 1706 usui
1264 1664 1461 1707 fortasse
1492 1664 1588 1706 iure
1620 1663 1812 1706 dicemus

374 1743 575 1801 exemplo
608 1744 760 1795 fuisse,
793 1742 910 1799 quod
942 1742 1041 1798 pari
1066 1741 1390 1797 significatione
1416 1742 1661 1783 utebantur
1685 1755 1813 1783 voces

372 1835 399 1864 a
431 1824 536 1876 φιλο
568 1846 624 1850 —-
656 1823 703 1862 et
735 1823 887 1874 φιλησι
920 1845 974 1848 ——
1006 1818 1284 1874 incipientes,
1332 1818 1448 1860 sicut
1495 1833 1529 1860 e.
1571 1833 1639 1874 gr.
1689 1820 1813 1872 φιλό-

372 1901 542 1952 μολπος
574 1899 621 1939 et
653 1900 986 1950 φιλησίμολπος.

493 1974 701 2017 Ceterum
735 1989 819 2016 vox
851 1972 1090 2015 Pindarica
1122 1986 1234 2028 quae
1266 1971 1407 2014 adhuc
1439 1971 1680 2027 singularis
1714 1973 1816 2014 erat

373 2051 692 2106 ἀναξιφόρμιγξ
742 2053 846 2106 post
896 2049 1213 2104 Bacchylidem
1258 2048 1489 2091 inventum
1537 2051 1633 2091 tres
1686 2063 1814 2091 voces

373 2128 512 2171 habet
546 2127 794 2170 simillimas
828 2128 1084 2178 ἀναξιαλος,
1130 2126 1466 2180 ἀναξιβρόντας,
1509 2125 1815 2179 ἀναξίμολπος,

377 2205 492 2262 quod
524 2221 612 2248 non
644 2205 785 2247 solum
827 2219 878 2246 ea
922 2204 974 2245 de
1007 2218 1140 2246 causa
1171 2218 1348 2254 monce,
1393 2202 1510 2259 quod
1551 2202 1634 2245 hoc
1675 2216 1814 2258 genus

375 2297 534 2325 vocum
571 2281 758 2324 Pindari
802 2284 849 2324 et
879 2280 1165 2336 Bacchylidis
1207 2279 1438 2336 proprium
1481 2294 1576 2322 esse
1621 2279 1814 2331 videtur,

377 2359 453 2402 sed
487 2359 634 2412 etiam,
669 2359 771 2415 quia
804 2373 882 2400 nos
915 2358 1138 2400 cautiores
1162 2356 1351 2399 reddere
1383 2359 1535 2412 potest
1567 2356 1611 2398 in
1642 2355 1816 2398 iudiciis

376 2436 429 2479 de
462 2436 608 2493 poetis
640 2436 909 2478 novantibus
942 2434 1152 2477 ferendis.

489 2513 693 2569 Denique
744 2512 828 2555 duo
880 2526 1048 2568 genera
1099 2511 1399 2568 epithetorum
1452 2510 1655 2567 profero,
1707 2524 1817 2567 quae

376 2590 562 2633 Pindari
601 2592 648 2633 et
682 2589 965 2645 Bacchylidjs
1001 2589 1196 2631 solorum
1228 2588 1413 2644 propria
1454 2602 1550 2630 esse
1580 2587 1815 2638 videntur;

477 2765 510 2805 1)
539 2761 652 2794 Simili
691 2760 832 2794 ratione
863 2760 1103 2794 Schwartzius
1140 2758 1309 2793 iudicavit
1349 2758 1392 2792 dc
1432 2769 1516 2792 voce
1555 2768 1586 2800 q.
1620 2768 1648 2791 e.
1687 2758 1820 2800 λείριος

378 2828 498 2862 Herm.
527 2830 582 2869 39,
613 2830 690 2861 (542.
