2111 3303
1023 196 1076 237 24

335 310 543 353 dicantur
565 310 702 353 Aeaci
723 310 988 366 generisque
1011 310 1103 352 eius
1126 312 1417 364 μεγαλήτορες
1438 312 1575 365 ὀργαί.
1627 312 1772 366 Αίχμά

333 387 477 443 igitur
509 386 703 428 Pindaro
734 401 823 427 non
857 386 998 427 solum
1031 386 1161 428 hasta
1204 388 1293 437 est,
1341 386 1417 428 sed
1457 387 1590 429 ctiam
1622 402 1772 444 pugna

336 465 384 506 et
425 463 572 505 virtus
618 463 663 504 in
705 462 866 519 pugnis
910 463 1120 517 probata,
1164 478 1250 505 vox
1297 466 1466 514 autem,
1507 464 1622 506 unde
1665 464 1771 506 haec

336 538 673 595 quaestiuncula
715 541 818 581 orta
860 540 950 588 est,
995 539 1233 593 ἴππαιχμος
1277 539 1407 595 plane
1448 540 1599 582 eodem
1643 540 1770 583 modo
1828 560 1829 563 ¹

336 630 487 658 vocem
537 629 649 671 quae
701 616 808 657 bene
859 615 1144 670 intellegitur
1190 619 1506 670 κρατεραίχμας
1551 617 1769 672 sequitur,

337 707 421 748 quo
457 707 542 734 vox
573 691 697 748 epica
729 693 1075 745 ἰπποκορύστης,
1125 706 1237 748 quae
1268 707 1346 748 per
1390 707 1435 735 se
1469 707 1600 735 sensu
1631 698 1769 746 caret,

335 783 487 811 vocem
527 783 638 825 quae
672 771 742 811 est
772 769 1124 823 χαλκοκορύστης
1156 771 1235 811 aut
1267 784 1352 825 quo
1384 769 1507 811 Iovis
1540 769 1771 826 epitheton

334 845 654 900 νεφεληγερέτα
684 845 831 887 traxit
862 845 1061 901 ineptum
1090 844 1205 887 illud
1236 847 1580 899 στεροπηγερέτα
1598 846 1639 901 1).

451 921 595 964 Simili
637 922 813 964 ratione
860 921 1111 977 explicatur
1157 937 1244 964 vox
1291 937 1400 978 quae
1448 926 1518 964 est
1563 925 1770 976 βοαθόος,

335 1013 446 1056 quae
477 1014 634 1041 currus
668 998 900 1055 epitheton
917 998 946 1052 2)
981 1001 1051 1040 est
1078 999 1111 1040 P
1140 999 1238 1050 481,
1270 999 1449 1042 Aeneae
1482 999 1702 1042 tribuitur
1729 1000 1772 1042 N

334 1075 440 1129 477,
487 1078 609 1118 viros
649 1075 794 1117 fortes
839 1074 1090 1130 significare
1121 1075 1303 1118 videtur
1343 1076 1389 1117 in
1430 1076 1525 1118 loco
1558 1078 1770 1133 corrupto

335 1152 461 1195 Pind.
496 1152 536 1194 N
570 1152 664 1194 VH
697 1152 763 1204 33,
797 1151 961 1194 collato
994 1151 1090 1194 loco
1124 1152 1370 1205 Homerico,
1405 1167 1488 1208 quo
1522 1153 1630 1207 ἀυτή
1661 1168 1770 1209 pug-

334 1243 436 1271 nam
467 1228 690 1285 significat
722 1232 745 1269 λ
778 1229 885 1282 383;
927 1229 1048 1270 inter
1079 1243 1254 1285 pugnae
1286 1231 1332 1271 et
1363 1245 1518 1272 vocum
1550 1229 1620 1285 (cf.
1655 1231 1770 1281 ὀξεῖα

336 1307 445 1360 ἀυτή
491 1306 525 1346 ()
573 1306 655 1347 312
706 1305 759 1348 de
810 1305 988 1347 vocibus
1041 1305 1351 1361 pugnantium)
1403 1306 1771 1361 significationem

334 1383 498 1438 pendet
543 1398 648 1425 usus
690 1382 734 1424 N
773 1382 845 1424 IX
876 1383 942 1424 35.
1019 1382 1252 1425 Accedunt
1298 1385 1348 1425 ut
1394 1382 1549 1426 melius
1596 1383 1772 1425 intelle-

334 1462 471 1516 gatur
503 1460 719 1514 βοάθοος,
767 1474 879 1515 quae
921 1459 1121 1515 exemplo
1160 1459 1345 1502 fuerunt
1382 1460 1628 1502 locutiones
1660 1461 1772 1514 βοὴν

335 1537 504 1591 ἀγαθός
535 1539 582 1579 et
612 1538 723 1585 θοὸς
746 1540 1031 1590 πολεμιστής;
1078 1536 1139 1578 sic
1170 1552 1256 1579 vox
1287 1537 1401 1579 mira
1432 1551 1603 1593 quoque
1635 1536 1770 1592 expli-

335 1616 464 1656 catur
495 1616 705 1667 πεζοβόας
736 1613 778 1655 N
808 1613 878 1655 IX
910 1614 977 1666 34,
1011 1613 1064 1656 de
1096 1629 1145 1656 eo
1177 1613 1251 1669 qui
1283 1613 1482 1670 peditum
1514 1614 1557 1655 in
1589 1628 1770 1656 numero

333 1692 517 1747 pugnat,
551 1692 597 1733 et
633 1689 923 1746 Sophocleum
955 1690 1116 1733 Martis
1160 1691 1392 1746 epitheton
1432 1693 1673 1746 χαλκοβόας
1702 1689 1769 1746 (O.

335 1767 382 1810 C.
417 1767 567 1821 1046),
616 1767 732 1823 quod
778 1767 835 1809 ad
880 1766 1008 1809 deum
1054 1767 1098 1808 in
1142 1767 1277 1810 armis
1318 1768 1467 1810 aeneis
1499 1771 1771 1823 pugnantem

334 1843 483 1900 potius
517 1858 646 1900 quam
677 1843 733 1886 ad
766 1859 915 1886 vocem
948 1858 1128 1887 aeneam
1145 1847 1172 1896 3)
1204 1845 1435 1901 pertinere
1467 1844 1668 1887 dixerim.

432 2015 465 2057 l)
492 2013 533 2048 Id
559 2013 655 2058 quod
679 2015 817 2048 monuit
842 2015 1123 2059 Meylan-Faure
1150 2015 1170 2048 1.
1199 2015 1220 2049 l.
1249 2027 1280 2059 p,
1310 2018 1365 2049 27.

430 2083 464 2121 2)
493 2080 676 2124 „Quelque
703 2092 774 2124 peu
801 2083 969 2125 etrange“
998 2081 1115 2116 iudice
1143 2081 1422 2126 Meylan-Faure
1448 2082 1470 2116 l.
1498 2082 1519 2116 l.
1547 2093 1579 2126 p.
1608 2084 1662 2116 95.

430 2150 465 2188 3)
492 2147 572 2181 Non
606 2147 732 2191 ignoro
758 2147 789 2181 E
817 2150 948 2191 859s60
983 2152 1019 2182 et
1055 2145 1316 2192 χαλκεόφωνος
1352 2149 1398 2192 (Ε
1426 2151 1509 2193 785)
1543 2154 1579 2182 et
1612 2148 1649 2182 id
1676 2148 1771 2192 quod

334 2214 442 2248 semel
469 2213 648 2248 invenitur
672 2213 853 2259 βριήπυος
890 2215 1019 2249 Martis
1055 2215 1239 2258 epitheton
1266 2215 1313 2259 (N
1339 2217 1444 2259 521),
1480 2215 1574 2258 quod
1611 2217 1770 2259 quamvis

334 2291 413 2315 cum
441 2281 550 2315 schol.
580 2281 639 2314 BT
667 2285 703 2315 et
727 2281 843 2325 Apoll.
864 2282 972 2325 Soph.
997 2281 1066 2315 lex.
1083 2282 1184 2315 Hom.
1213 2281 1258 2315 ad
1284 2292 1405 2316 vocem
1431 2283 1614 2326 pertinere
1639 2281 1770 2326 dicant,

334 2347 404 2380 iam
430 2345 568 2390 pridem
602 2358 671 2380 non
698 2347 919 2381 intellectum
954 2358 1031 2382 esse
1058 2347 1162 2382 docet
1189 2348 1245 2382 Et.
1274 2348 1393 2392 Magn.
1422 2347 1566 2382 addito:
1602 2345 1623 2392 ἢ
1658 2346 1771 2392 μέγας

334 2409 357 2456 ἣ
385 2410 526 2456 damis,
565 2412 626 2447 sed
654 2413 785 2448 collato
812 2413 890 2447 loco
910 2414 1017 2458 Soph.
1039 2416 1077 2448 Ο.
1096 2414 1134 2448 R.
1159 2416 1234 2457 190,
1262 2424 1365 2457 quem
1392 2414 1492 2448 addit
1518 2415 1770 2458 schwartzius,

334 2478 470 2523 dubito,
497 2490 576 2513 nam
595 2479 694 2513 Mars
721 2480 770 2513 ibi
796 2484 851 2514 est
875 2479 1035 2524 ἄχαλκος
1060 2480 1228 2514 ἀσπίδων
1255 2485 1291 2515 et
1314 2479 1543 2526 περιβόητος,
1573 2481 1667 2525 quod
1693 2480 1770 2516 fere

335 2545 598 2589 interpretatur
624 2556 743 2581 vocem
771 2557 862 2590 quae
889 2551 943 2581 cst
967 2545 1184 2592 χαλκοβόας.
