2111 3303
1039 210 1097 252 44

345 329 400 381 (Ο
418 327 504 381 25),
537 327 796 380 Θηβαγενής
828 324 1010 379 (Theog.
1043 323 1156 378 530),
1189 323 1519 376 θρασυκάρδιος
1551 322 1634 378 (Se.
1667 323 1781 378 448),

347 407 393 447 et
424 401 753 457 θρασυμέμνων
785 401 839 455 (Ε
872 400 972 455 639)
993 399 1035 455 1),
1074 399 1309 453 θυμολέων
1343 398 1398 453 (Ε
1428 398 1541 454 639),
1583 401 1784 453 καρτερό-

350 487 490 535 θυμος
521 479 571 534 (φ
602 479 687 533 25),
735 478 1050 531 κρατερόφρων
1082 476 1138 531 (Ξ
1166 475 1287 531 324),
1331 475 1534 529 μεγάλων
1576 475 1782 529 ἐπιίστωρ

347 559 489 611 ἔργων
532 556 582 609 (φ
613 555 703 608 26),
747 568 831 609 quo
874 568 897 595 e
937 567 1117 594 numero
1159 551 1329 593 nullum
1372 551 1489 608 apud
1526 551 1782 605 Pindarum,
1825 561 1828 563 ’

347 633 423 690 qui
453 632 589 674 habet
616 630 814 672 Htw-culex>-
845 630 1021 682 epitheta
1054 629 1108 669 ad
1139 629 1365 680 exemplum
1397 630 1551 680 (Ἰάσων
1581 628 1782 680 formata:

348 711 701 763 θρασυμήχανος,
747 706 864 763 quod
896 704 1271 748 Wilamowitzius
1290 704 1321 758 ²)
1351 706 1474 747 recte
1505 704 1562 746 ad
1593 708 1784 758 πολυμή-

346 801 478 841 χανος
518 786 722 837 revocat,
766 785 812 825 et
851 782 1014 832 σθένος
1044 781 1297 834 εΗροεκλέος,
1346 781 1415 823 cui
1445 782 1598 823 subest
1630 784 1675 822 Σ
1702 781 1785 823 117

346 865 421 916 βίη
463 859 760 915 εΗρακλῆοςῧ).
833 859 1003 902 Contra
1045 859 1162 915 apud
1207 857 1451 900 Pindarum
1496 857 1786 900 inveniuntur

348 940 544 981 Herculis
575 939 751 990 effitheta
784 952 914 978 noca:
949 935 1240 989 ἀριστόμαχος
1265 935 1527 989 ἀδείμαντος
1543 934 1575 989 4)
1599 935 1785 978 πάντολ-

345 1032 431 1070 μον
462 1014 624 1063 σθένος
653 1012 887 1067 εΗρακλεός
919 1012 993 1068 (fr.
1028 1011 1100 1067 29)
1130 1011 1340 1065 ὑπέρβιος
1357 1011 1402 1064 5).

464 1091 632 1144 Quibus
662 1090 844 1133 deorum
887 1088 1099 1146 epithetis
1140 1088 1434 1144 perlustratis
1475 1089 1645 1144 quanta
1685 1090 1785 1130 arte

346 1168 521 1210 tradita
553 1166 772 1209 orationis
795 1167 1058 1208 ornamenta
1089 1179 1215 1206 suum
1246 1164 1292 1206 in
1321 1179 1449 1206 usum
1469 1164 1667 1206 verterit
1684 1163 1787 1205 Pin-

348 1245 483 1288 darus
516 1243 622 1285 mihi
653 1243 808 1286 videor
831 1241 1232 1291 demonstravisse;
1274 1246 1470 1284 ceterum
1492 1239 1786 1296 Bacchylides

348 1321 490 1363 multa
521 1320 567 1363 id
596 1335 735 1376 genus
767 1320 969 1376 praebet,
1003 1318 1119 1361 sicut
1153 1318 1342 1360 Dianam
1374 1317 1418 1359 X
1441 1318 1496 1359 39
1522 1318 1787 1367 τοξόκλυτον

349 1398 459 1440 dicit
490 1397 727 1440 secundum
758 1396 928 1452 epicum
958 1397 1201 1450 τοξοφόρος
1233 1400 1332 1447 aut,
1374 1394 1496 1436 cuius
1538 1393 1604 1436 rei
1645 1408 1788 1435 exem-

347 1475 422 1531 pla
467 1473 680 1516 nonnulla
724 1473 770 1515 in
816 1472 1011 1515 Pindaro
1059 1486 1231 1528 quoque
1278 1486 1414 1528 supra
1461 1470 1786 1523 adnotavimus,

348 1552 540 1594 Dianam
569 1550 768 1607 epitheto
802 1551 947 1602 ornat,
980 1549 1095 1605 quod
1114 1548 1342 1591 Minervae
1366 1547 1597 1604 epitheton
1620 1547 1788 1603 epicum

446 1728 477 1764 1)
505 1724 700 1766 Utramque
728 1732 848 1756 vocem
874 1721 1011 1765 epicam
1041 1731 1110 1754 non
1137 1720 1252 1754 solum
1277 1723 1460 1763 receptam
1488 1729 1566 1753 esse
1592 1729 1613 1752 a
1633 1718 1789 1763 Bacchy-

347 1791 436 1831 lide,
470 1789 533 1825 sed
559 1790 680 1823 multis
715 1788 862 1823 vocibus
890 1787 1092 1821 Pindaricis
1126 1791 1161 1820 et
1193 1785 1442 1830 Bacchylideis
1478 1785 1640 1829 exemplo
1677 1784 1789 1818 fuisse

348 1858 528 1892 mentione
554 1857 716 1900 dignum:
757 1853 989 1899 Bacchylides
1018 1865 1096 1887 cum
1119 1853 1273 1887 Pindaro
1301 1863 1486 1886 commune
1512 1852 1621 1886 habet
1646 1854 1788 1894 θρασυ-

346 1923 476 1969 μήδης,
504 1924 602 1958 solus
628 1922 772 1957 novavit
798 1920 1014 1965 θρασύχειρ,
1049 1931 1126 1954 cum
1153 1919 1301 1954 Pindari
1328 1920 1399 1954 sint
1426 1918 1666 1962 θρασύγυιος,
1694 1920 1788 1961 θρα-

348 1990 524 2035 σύμυθος,
552 1989 804 2033 θρασύπονος.

442 2058 478 2101 2)
504 2057 604 2101 Isylli
628 2047 666 2100 p(
693 2058 758 2090 166
786 2055 867 2092 adn.
899 2059 950 2090 is.

444 2127 480 2167 3)
507 2124 621 2167 Quam
646 2123 875 2165 locutionem,
902 2123 1087 2166 antiquam
1115 2120 1229 2154 iudice
1256 2119 1536 2164 Meylan-Faure
1562 2130 1594 2162 p.
1623 2120 1667 2151 70
1694 2116 1790 2161 quod

349 2191 503 2234 probare
530 2189 671 2224 videtur
696 2189 898 2223 coniunctio
925 2188 1105 2222 Hesiodea
1131 2187 1265 2229 Theog.
1285 2188 1352 2220 332
1378 2185 1412 2224 ἲς
1437 2183 1789 2230 βίηςἾΙρακληειής,

347 2256 392 2291 de
417 2257 620 2291 hominibus
647 2256 755 2290 habet
784 2256 960 2291 Homerus
987 2254 1162 2299 (deflectit
1187 2253 1231 2287 ab
1256 2263 1324 2287 usu
1350 2253 1395 2296 Σ,
1411 2253 1478 2286 607
1506 2248 1645 2289 σθένος
1662 2250 1788 2284 Ὠκεα-

347 2327 455 2366 νοῖο),
484 2335 562 2357 cuin
588 2322 766 2357 Pindarus
793 2323 884 2356 hanc
910 2321 1126 2355 locutionem
1152 2331 1223 2354 non
1249 2319 1364 2354 solum
1392 2316 1622 2362 amplificarit
1648 2317 1788 2350 novatis

352 2390 662 2424 coniunctionibus
690 2387 825 2428 σθένος
851 2387 1015 2433 ἡμιόνων
1042 2388 1070 2421 O
1097 2387 1147 2421 VI
1165 2389 1209 2420 22
1237 2390 1272 2420 ct
1298 2383 1433 2424 σθένος
1459 2385 1592 2418 ἵππιον
1619 2384 1646 2417 Ρ
1672 2383 1706 2417 11
1735 2385 1788 2426 12,

349 2456 413 2492 sed
440 2456 676 2491 audacissime
704 2456 845 2490 novarit
881 2458 1095 2499 (praeeunte
1134 2464 1201 2488 usu
1237 2452 1377 2496 qualem
1413 2451 1564 2496 praebet
1590 2449 1788 2494 Aeschylus

353 2524 476 2567 Suppl.
505 2525 549 2557 56
588 2524 747 2566 Τηρειάς
773 2522 926 2567 μήτιδος
963 2522 1041 2556 loco
1073 2518 1232 2564 Τηρέως)
1274 2520 1297 2552 P
1324 2519 1373 2552 VI
1400 2521 1444 2553 36
1479 2515 1651 2562 γερόντος
1687 2515 1786 2561 φρὴν

351 2592 562 2633 δονηθεῖσα
589 2588 701 2636 βόασε
730 2595 765 2624 et
791 2589 822 2623 N
840 2589 989 2623 V11102
1018 2588 1058 2622 τὸ
1086 2585 1174 2632 ἐμὸν
1201 2584 1288 2629 κέαρ
1316 2596 1382 2630 pro
1409 2581 1477 2629 ἐγώ
1505 2584 1640 2619 diceret
1667 2594 1789 2618 secun-

351 2656 433 2691 dum
460 2659 496 2691 Π
522 2659 598 2691 554.

445 2726 482 2766 4)
510 2724 562 2757 (jf.
591 2724 775 2767 epitheton
804 2721 1080 2766 Bacchylideum
1107 2721 1136 2754 V
1168 2722 1231 2754 155
1258 2717 1483 2764 ἀδεισιβόας.

440 2793 477 2834 5)
505 2791 603 2825 Sicut
634 2790 770 2833 Iupiter
797 2790 952 2823 Homero
978 2786 1184 2831 ὑπερμενής
1212 2791 1276 2821 est.
