2111 3303
1044 201 1097 242 12

357 315 457 371 plus
489 315 687 358 minusve
732 314 1040 357 recedentibus
1081 315 1293 357 nonnulla
1324 315 1507 372 scripsit
1549 331 1627 359 nec
1671 332 1791 374 sper-

354 392 509 442 nenda,
543 406 654 447 quae
690 406 767 433 suo
798 390 895 433 loco
928 391 1133 434 laudabo.

470 469 667 511 Nostrae
719 468 775 510 ad
825 482 954 524 quam
1000 468 1179 511 tandem
1225 469 1491 524 accingimus
1539 471 1792 526 quaestioni

353 547 537 601 praeter
569 543 670 586 illos
704 544 825 586 viros
849 544 1002 587 doctos
1025 546 1225 601 priorum
1246 548 1494 602 temporum
1529 546 1643 589 viam
1673 563 1791 590 mon-

356 622 622 663 straverunt
668 635 763 662 cum
810 620 1073 664 Schroederi
1121 622 1456 664 observationes
1508 626 1604 665 tum
1649 623 1790 666 Wila-

354 696 570 739 mowitzii
613 698 854 739 carminum
886 698 1224 741 Pindaricorum
1264 699 1666 755 interpretationes
1682 701 1712 754 ¹)
1745 704 1791 743 et

355 774 687 826 commentatio,
737 789 867 830 quam
911 775 1094 831 scripsit
1134 775 1187 817 de
1217 775 1414 818 Hierone
1455 778 1501 818 et
1533 776 1727 819 Pindaro
1744 776 1788 832 ²¹),

355 850 422 892 cui
473 865 539 892 me
585 850 778 907 plurima
825 851 985 894 debere
1032 851 1226 894 libenter
1273 852 1500 894 confiteor.
1581 852 1790 895 Ceterum

354 927 612 983 priusquam
654 927 710 969 ad
740 927 882 983 ipsam
925 943 1017 970 rem
1050 928 1365 983 aggrediamur
1409 929 1540 971 laudo
1583 943 1634 972 ea
1678 944 1790 986 quae

354 1003 730 1046 Wilamowitzius
777 1004 905 1046 huius
953 1005 1335 1048 commentationis
1388 1021 1428 1062 p.
1464 1006 1574 1047 1285
1621 1006 1720 1049 adn.
1765 1007 1785 1048 1

352 1080 544 1122 monuit:
595 1080 789 1134 „Pindar
822 1081 1019 1123 schreibt
1064 1081 1188 1124 nicht
1229 1083 1304 1135 ab,
1352 1082 1543 1124 sondern
1585 1085 1705 1126 setzt
1744 1084 1789 1125 in

353 1157 503 1200 seinen
530 1156 619 1199 Stil
649 1159 762 1210 um“,
796 1157 911 1214 quod
942 1161 993 1199 ut
1026 1173 1198 1214 semper
1229 1164 1429 1201 tenerem
1462 1174 1642 1216 operam
1673 1160 1786 1213 dedi,

353 1233 468 1276 sicut
512 1233 677 1290 optime
721 1233 836 1276 dixit
878 1234 1090 1276 Alfredus
1135 1234 1314 1277 Croiset
1356 1235 1463 1277 libri
1501 1236 1789 1292 pulcherrimi

352 1325 478 1367 quem
511 1310 564 1353 de
595 1310 791 1353 Pindaro
825 1311 1008 1367 scripsit
1022 1310 1053 1366 3)
1086 1311 1380 1367 praefationis
1421 1327 1462 1368 p.
1496 1312 1638 1354 XIII:
1691 1313 1789 1367 „Ma

351 1387 697 1444 preoccupation
718 1390 965 1440 constante,
999 1389 1102 1431 tout
1134 1403 1187 1431 en
1208 1388 1449 1432 cherchant
1480 1389 1544 1432 les
1569 1389 1652 1432 lois
1686 1389 1789 1432 d'un

353 1467 439 1517 art,
473 1465 545 1521 qui
577 1465 648 1506 fut
680 1464 722 1507 le
753 1464 937 1521 produit
969 1465 1096 1508 d'une
1127 1465 1323 1508 habilete
1356 1466 1606 1509 consciente
1639 1466 1787 1509 d‘elle-

350 1546 511 1595 meme,
560 1556 586 1584 a
627 1544 698 1583 e'te
746 1542 798 1584 de
837 1542 1056 1584 n’oublier
1092 1541 1277 1598 jamais‚
1326 1557 1409 1599 que
1448 1542 1676 1599 j’etudiais
1710 1543 1786 1585 des

352 1633 539 1661 oeuvres
571 1619 788 1675 inspirees
820 1633 902 1675 par
933 1619 979 1661 la
1011 1619 1156 1670 Musa,
1205 1623 1251 1661 et
1291 1635 1374 1675 que
1417 1619 1458 1662 16
1491 1622 1596 1676 trop
1640 1620 1692 1663 de
1724 1620 1783 1662 ri-

350 1709 505 1751 gueur,
540 1710 593 1737 en
625 1695 844 1738 certaines
876 1695 1112 1748 matiereS,
1158 1698 1227 1738 est
1257 1712 1317 1738 un
1347 1696 1503 1739 de'faut
1534 1699 1636 1739 tout
1667 1697 1787 1739 aussi

350 1786 492 1828 grave
524 1787 607 1828 que
639 1772 798 1815 l'exces
832 1773 1099 1815 contraire.“

599 1980 801 2023 CAPUT
835 1980 896 2022 II.
961 1981 1040 2022 DE
1073 1979 1356 2022 CARMINE
1388 1981 1423 2022 P
1454 1980 1535 2022 IV.

462 2097 731 2153 Pythiorum
754 2113 931 2140 carmen
955 2102 1163 2154 quartum
1194 2113 1281 2140 non
1314 2097 1454 2140 solum
1479 2097 1785 2154 magnitudine

349 2174 513 2217 eminet
542 2175 662 2217 inter
694 2174 869 2231 reliqua
899 2175 1097 2217 carmina
1129 2174 1380 2227 Pindarica,
1430 2174 1507 2217 sed
1538 2175 1583 2217 id
1614 2189 1786 2231 quoque

347 2250 578 2307 proprium
607 2250 743 2294 habet
775 2251 891 2307 quod
929 2251 1059 2294 initio
1107 2254 1152 2294 et
1183 2251 1268 2293 fine
1299 2251 1456 2294 recisis
1489 2265 1664 2294 carmen
1696 2250 1786 2307 epi-

347 2342 442 2370 cum
475 2327 608 2370 facile
641 2328 880 2383 dixeris⁴);
927 2328 1146 2371 Homerus
1189 2328 1403 2371 laudatur
1444 2344 1484 2370 v.
1517 2329 1624 2380 277,
1669 2327 1786 2384 quod

442 2515 474 2554 l)
502 2512 529 2546 Ο
559 2512 605 2545 VI
632 2512 732 2557 Isylli
758 2524 791 2556 p.
822 2515 886 2547 162
901 2524 990 2556 sqq,
1017 2512 1044 2545 P
1071 2513 1138 2546 VII
1167 2513 1315 2547 Aristot.
1343 2524 1376 2547 u.
1404 2513 1486 2547 Ath.
1514 2513 1547 2546 II
1575 2514 1643 2548 323
1659 2523 1735 2556 sqq.

437 2581 472 2620 2)
499 2578 594 2612 Berl.
623 2578 773 2613 Sitzber.
806 2582 891 2614 1901
920 2591 953 2623 p.
984 2581 1072 2613 1273
1089 2590 1166 2622 sqq.

439 2646 473 2688 3)
500 2645 554 2679 La
579 2645 705 2679 Poesic
732 2645 775 2680 de
802 2645 968 2688 Pindare,
996 2646 1099 2680 Paris
1131 2648 1228 2680 1880.

440 2713 475 2755 4)
504 2712 567 2746 Cui
610 2712 774 2755 exemplo
815 2711 927 2747 fuisse
970 2723 1092 2747 eoeain
1130 2712 1308 2756 Euphemi
1346 2711 1559 2747 Hesiodeam
1602 2712 1785 2747 contendit

339 2779 468 2813 Jessen
494 2778 836 2823 (Pauly-Wissmva
862 2777 1150 2823 Enryclopaedie
1176 2790 1202 2813 s.
1231 2791 1260 2813 v.
1286 2780 1520 2823 Argonauten
1547 2791 1579 2823 p.
1609 2781 1688 2822 746,
1707 2780 1778 2823 41).
