<?xml version="1.0" encoding="UTF-8"?>
<!DOCTYPE html PUBLIC "-//W3C//DTD XHTML 1.0 Transitional//EN"
    "http://www.w3.org/TR/xhtml1/DTD/xhtml1-transitional.dtd">
<html xmlns="http://www.w3.org/1999/xhtml" xml:lang="en" lang="en">
 <head>
  <title>
</title>
<meta http-equiv="Content-Type" content="text/html;charset=utf-8" />
  <meta name='ocr-system' content='tesseract 3.04.00' />
  <meta name='ocr-capabilities' content='ocr_page ocr_carea ocr_par ocr_line ocrx_word'/>
</head>
<body>
  <div class='ocr_page' id='page_1' title='image "./deelocutionispin00schuuoft_0068.png"; bbox 0 0 2111 3303; ppageno 0'>
   <div class='ocr_carea' id='block_1_1' title="bbox 981 230 1036 270">
    <p class='ocr_par' dir='ltr' id='par_1_1' title="bbox 981 230 1036 270">
     <span class='ocr_line' id='line_1_1' title="bbox 981 230 1036 270; baseline 0 0"><span class='ocrx_word' id='word_1_1' title='bbox 981 230 1036 270; x_wconf 77' lang='lat'>64</span> 
     </span>
    </p>
   </div>
   <div class='ocr_carea' id='block_1_2' title="bbox 292 341 1733 2229">
    <p class='ocr_par' dir='ltr' id='par_1_2' title="bbox 292 341 1732 845">
     <span class='ocr_line' id='line_1_2' title="bbox 301 341 1731 399; baseline 0.004 -16"><span class='ocrx_word' id='word_1_2' title='bbox 301 342 452 397; x_wconf 80' lang='lat' dir='ltr'>Meyer</span> <span class='ocrx_word' id='word_1_3' title='bbox 497 341 730 386; x_wconf 79' lang='lat' dir='ltr'>Schwartz</span> <span class='ocrx_word' id='word_1_4' title='bbox 766 343 1095 399; x_wconf 60' lang='lat' dir='ltr'>Vi&#39;aekernage]</span> <span class='ocrx_word' id='word_1_5' title='bbox 1127 343 1349 387; x_wconf 84' lang='lat' dir='ltr'>Wentzel.</span> <span class='ocrx_word' id='word_1_6' title='bbox 1411 346 1731 389; x_wconf 83' lang='lat' dir='ltr'>Proseminarii</span> 
     </span>
     <span class='ocr_line' id='line_1_3' title="bbox 297 418 1731 476; baseline 0.002 -14"><span class='ocrx_word' id='word_1_7' title='bbox 297 418 612 474; x_wconf 83' lang='lat' dir='ltr'>Gottingensis</span> <span class='ocrx_word' id='word_1_8' title='bbox 664 422 710 462; x_wconf 90' lang='lat' dir='ltr'>et</span> <span class='ocrx_word' id='word_1_9' title='bbox 760 420 1064 462; x_wconf 77' lang='lat' dir='ltr'>Berolinensis</span> <span class='ocrx_word' id='word_1_10' title='bbox 1116 435 1195 476; x_wconf 87' lang='lat' dir='ltr'>per</span> <span class='ocrx_word' id='word_1_11' title='bbox 1246 422 1444 476; x_wconf 81' lang='lat' dir='ltr'>singula,</span> <span class='ocrx_word' id='word_1_12' title='bbox 1505 423 1731 465; x_wconf 87' lang='lat' dir='ltr'>seminarii</span> 
     </span>
     <span class='ocr_line' id='line_1_4' title="bbox 299 494 1732 555; baseline 0.004 -18"><span class='ocrx_word' id='word_1_13' title='bbox 299 494 613 551; x_wconf 83' lang='lat' dir='ltr'>Gottingensis</span> <span class='ocrx_word' id='word_1_14' title='bbox 645 511 725 552; x_wconf 85' lang='lat' dir='ltr'>per</span> <span class='ocrx_word' id='word_1_15' title='bbox 757 496 850 539; x_wconf 87' lang='lat' dir='ltr'>tria</span> <span class='ocrx_word' id='word_1_16' title='bbox 883 497 1118 539; x_wconf 83' lang='lat' dir='ltr'>semestria</span> <span class='ocrx_word' id='word_1_17' title='bbox 1148 497 1215 539; x_wconf 83' lang='lat' dir='ltr'>fui</span> <span class='ocrx_word' id='word_1_18' title='bbox 1257 498 1445 551; x_wconf 73' lang='lat' dir='ltr'>sodalis3</span> <span class='ocrx_word' id='word_1_19' title='bbox 1492 502 1732 555; x_wconf 84' lang='lat' dir='ltr'>praeterea</span> 
     </span>
     <span class='ocr_line' id='line_1_5' title="bbox 297 571 1730 627; baseline 0.004 -14"><span class='ocrx_word' id='word_1_20' title='bbox 297 571 354 613; x_wconf 85' lang='lat' dir='ltr'>ad</span> <span class='ocrx_word' id='word_1_21' title='bbox 393 572 737 614; x_wconf 79' lang='lat' dir='ltr'>exercitationes</span> <span class='ocrx_word' id='word_1_22' title='bbox 779 574 987 615; x_wconf 76' lang='lat' dir='ltr'>metricas</span> <span class='ocrx_word' id='word_1_23' title='bbox 1020 573 1349 627; x_wconf 82' lang='lat' dir='ltr'>Wilamowitz,</span> <span class='ocrx_word' id='word_1_24' title='bbox 1395 575 1450 617; x_wconf 87' lang='lat' dir='ltr'>ad</span> <span class='ocrx_word' id='word_1_25' title='bbox 1493 575 1730 619; x_wconf 83' lang='lat' dir='ltr'>historicas</span> 
     </span>
     <span class='ocr_line' id='line_1_6' title="bbox 295 648 1731 706; baseline 0.004 -17"><span class='ocrx_word' id='word_1_26' title='bbox 295 648 466 690; x_wconf 86' lang='lat' dir='ltr'>Brandi</span> <span class='ocrx_word' id='word_1_27' title='bbox 508 649 670 691; x_wconf 84' lang='lat' dir='ltr'>Busolt</span> <span class='ocrx_word' id='word_1_28' title='bbox 709 648 957 702; x_wconf 83' lang='lat' dir='ltr'>Lehmann,</span> <span class='ocrx_word' id='word_1_29' title='bbox 1005 650 1062 693; x_wconf 84' lang='lat' dir='ltr'>ad</span> <span class='ocrx_word' id='word_1_30' title='bbox 1104 652 1418 706; x_wconf 78' lang='lat' dir='ltr'>grammaticas</span> <span class='ocrx_word' id='word_1_31' title='bbox 1452 651 1640 695; x_wconf 79' lang='lat' dir='ltr'>Schulze</span> <span class='ocrx_word' id='word_1_32' title='bbox 1686 655 1731 696; x_wconf 88' lang='lat' dir='ltr'>et</span> 
     </span>
     <span class='ocr_line' id='line_1_7' title="bbox 297 724 1730 785; baseline 0.003 -19"><span class='ocrx_word' id='word_1_33' title='bbox 297 724 639 779; x_wconf 55' lang='lat' dir='ltr'>XVaokernageL</span> <span class='ocrx_word' id='word_1_34' title='bbox 672 725 727 767; x_wconf 80' lang='lat' dir='ltr'>ad</span> <span class='ocrx_word' id='word_1_35' title='bbox 749 725 1108 782; x_wconf 80' lang='lat' dir='ltr'>archaeologioas</span> <span class='ocrx_word' id='word_1_36' title='bbox 1133 727 1324 783; x_wconf 82' lang='lat' dir='ltr'>Dilthey</span> <span class='ocrx_word' id='word_1_37' title='bbox 1351 727 1519 770; x_wconf 84' lang='lat' dir='ltr'>aditum</span> <span class='ocrx_word' id='word_1_38' title='bbox 1541 729 1730 785; x_wconf 83' lang='lat' dir='ltr'>benigne</span> 
     </span>
     <span class='ocr_line' id='line_1_8' title="bbox 292 801 754 845; baseline 0 -2"><span class='ocrx_word' id='word_1_39' title='bbox 292 801 399 843; x_wconf 88' lang='lat' dir='ltr'>mihi</span> <span class='ocrx_word' id='word_1_40' title='bbox 430 806 754 845; x_wconf 79' lang='lat' dir='ltr'>concesserunt.</span> 
     </span>
    </p>

    <p class='ocr_par' dir='ltr' id='par_1_3' title="bbox 293 878 1733 1999">
     <span class='ocr_line' id='line_1_9' title="bbox 409 878 1730 938; baseline 0.003 -19"><span class='ocrx_word' id='word_1_41' title='bbox 409 878 577 930; x_wconf 71' lang='lat' dir='ltr'>Quibus</span> <span class='ocrx_word' id='word_1_42' title='bbox 611 879 808 921; x_wconf 87' lang='lat' dir='ltr'>omnibus</span> <span class='ocrx_word' id='word_1_43' title='bbox 842 879 920 922; x_wconf 86' lang='lat' dir='ltr'>hoo</span> <span class='ocrx_word' id='word_1_44' title='bbox 951 880 1045 923; x_wconf 84' lang='lat' dir='ltr'>loeo</span> <span class='ocrx_word' id='word_1_45' title='bbox 1069 881 1243 924; x_wconf 85' lang='lat' dir='ltr'>debitas</span> <span class='ocrx_word' id='word_1_46' title='bbox 1267 882 1439 937; x_wconf 81' lang='lat' dir='ltr'>gratias</span> <span class='ocrx_word' id='word_1_47' title='bbox 1473 882 1568 925; x_wconf 85' lang='lat' dir='ltr'>dico</span> <span class='ocrx_word' id='word_1_48' title='bbox 1601 897 1730 938; x_wconf 86' lang='lat' dir='ltr'>quam</span> 
     </span>
     <span class='ocr_line' id='line_1_10' title="bbox 294 955 1731 1016; baseline 0.003 -19"><span class='ocrx_word' id='word_1_49' title='bbox 294 956 528 1010; x_wconf 75' lang='lat' dir='ltr'>maximas:</span> <span class='ocrx_word' id='word_1_50' title='bbox 570 955 786 1012; x_wconf 80' lang='lat' dir='ltr'>imprimis</span> <span class='ocrx_word' id='word_1_51' title='bbox 819 959 967 999; x_wconf 88' lang='lat' dir='ltr'>autem</span> <span class='ocrx_word' id='word_1_52' title='bbox 987 960 1169 1013; x_wconf 85' lang='lat' dir='ltr'>gratum</span> <span class='ocrx_word' id='word_1_53' title='bbox 1194 959 1385 1001; x_wconf 85' lang='lat' dir='ltr'>animum</span> <span class='ocrx_word' id='word_1_54' title='bbox 1406 959 1598 1002; x_wconf 88' lang='lat' dir='ltr'>libenter</span> <span class='ocrx_word' id='word_1_55' title='bbox 1631 974 1731 1016; x_wconf 89' lang='lat' dir='ltr'>pro-</span> 
     </span>
     <span class='ocr_line' id='line_1_11' title="bbox 293 1032 1730 1091; baseline 0.003 -17"><span class='ocrx_word' id='word_1_56' title='bbox 293 1032 427 1074; x_wconf 88' lang='lat' dir='ltr'>fiteor</span> <span class='ocrx_word' id='word_1_57' title='bbox 474 1035 689 1088; x_wconf 82' lang='lat' dir='ltr'>quattuor</span> <span class='ocrx_word' id='word_1_58' title='bbox 734 1034 1124 1090; x_wconf 74' lang='lat' dir='ltr'>praeceptoribUS‚</span> <span class='ocrx_word' id='word_1_59' title='bbox 1170 1050 1356 1091; x_wconf 88' lang='lat' dir='ltr'>quorum</span> <span class='ocrx_word' id='word_1_60' title='bbox 1400 1038 1454 1078; x_wconf 91' lang='lat' dir='ltr'>ut</span> <span class='ocrx_word' id='word_1_61' title='bbox 1494 1036 1730 1078; x_wconf 80' lang='lat' dir='ltr'>Pindarico</span> 
     </span>
     <span class='ocr_line' id='line_1_12' title="bbox 295 1109 1732 1170; baseline 0.003 -19"><span class='ocrx_word' id='word_1_62' title='bbox 295 1109 373 1152; x_wconf 87' lang='lat' dir='ltr'>illo</span> <span class='ocrx_word' id='word_1_63' title='bbox 407 1113 514 1152; x_wconf 90' lang='lat' dir='ltr'>utar</span> <span class='ocrx_word' id='word_1_64' title='bbox 558 1109 668 1163; x_wconf 83' lang='grc' dir='ltr'><em>φαμὶ</em></span> <span class='ocrx_word' id='word_1_65' title='bbox 701 1111 988 1152; x_wconf 82' lang='grc' dir='ltr'><em>διδασκαλίαν</em></span> <span class='ocrx_word' id='word_1_66' title='bbox 1032 1116 1193 1163; x_wconf 79' lang='grc' dir='ltr'><em>οἴσειν,</em></span> <span class='ocrx_word' id='word_1_67' title='bbox 1235 1112 1612 1162; x_wconf 77' lang='lat' dir='ltr'>Wilamowitzio,</span> <span class='ocrx_word' id='word_1_68' title='bbox 1659 1113 1732 1170; x_wconf 86' lang='lat' dir='ltr'>qui</span> 
     </span>
     <span class='ocr_line' id='line_1_13' title="bbox 296 1186 1730 1245; baseline 0.004 -18"><span class='ocrx_word' id='word_1_69' title='bbox 296 1200 426 1242; x_wconf 87' lang='lat' dir='ltr'>quam</span> <span class='ocrx_word' id='word_1_70' title='bbox 457 1186 642 1228; x_wconf 84' lang='lat' dir='ltr'>comiter</span> <span class='ocrx_word' id='word_1_71' title='bbox 678 1201 746 1228; x_wconf 93' lang='lat' dir='ltr'>me</span> <span class='ocrx_word' id='word_1_72' title='bbox 778 1187 1004 1243; x_wconf 72' lang='lat' dir='ltr'>exceperit</span> <span class='ocrx_word' id='word_1_73' title='bbox 1047 1190 1183 1244; x_wconf 85' lang='lat' dir='ltr'>atque</span> <span class='ocrx_word' id='word_1_74' title='bbox 1215 1190 1431 1245; x_wconf 86' lang='lat' dir='ltr'>quomodo</span> <span class='ocrx_word' id='word_1_75' title='bbox 1479 1192 1525 1232; x_wconf 87' lang='lat' dir='ltr'>et</span> <span class='ocrx_word' id='word_1_76' title='bbox 1569 1189 1730 1233; x_wconf 79' lang='lat' dir='ltr'>scholis</span> 
     </span>
     <span class='ocr_line' id='line_1_14' title="bbox 297 1263 1730 1322; baseline 0.002 -17"><span class='ocrx_word' id='word_1_77' title='bbox 297 1268 343 1305; x_wconf 81' lang='lat' dir='ltr'>et</span> <span class='ocrx_word' id='word_1_78' title='bbox 386 1263 513 1305; x_wconf 87' lang='lat' dir='ltr'>aditu</span> <span class='ocrx_word' id='word_1_79' title='bbox 556 1263 600 1305; x_wconf 86' lang='lat' dir='ltr'>in</span> <span class='ocrx_word' id='word_1_80' title='bbox 643 1263 816 1305; x_wconf 80' lang='lat' dir='ltr'>domum</span> <span class='ocrx_word' id='word_1_81' title='bbox 857 1264 1044 1320; x_wconf 84' lang='lat' dir='ltr'>benigne</span> <span class='ocrx_word' id='word_1_82' title='bbox 1085 1280 1290 1307; x_wconf 70' lang='lat' dir='ltr'>concesso</span> <span class='ocrx_word' id='word_1_83' title='bbox 1332 1281 1400 1308; x_wconf 89' lang='lat' dir='ltr'>me</span> <span class='ocrx_word' id='word_1_84' title='bbox 1440 1267 1730 1322; x_wconf 77' lang='lat' dir='ltr'>promoverit,</span> 
     </span>
     <span class='ocr_line' id='line_1_15' title="bbox 295 1340 1733 1399; baseline 0.004 -18"><span class='ocrx_word' id='word_1_85' title='bbox 295 1355 531 1396; x_wconf 77' lang='lat' dir='ltr'>numquam</span> <span class='ocrx_word' id='word_1_86' title='bbox 573 1340 860 1391; x_wconf 81' lang='lat' dir='ltr'>oblisvisoar,</span> <span class='ocrx_word' id='word_1_87' title='bbox 905 1341 1302 1397; x_wconf 61' lang='lat' dir='ltr'>WVaokernagelio⁷</span> <span class='ocrx_word' id='word_1_88' title='bbox 1346 1343 1419 1399; x_wconf 81' lang='lat' dir='ltr'>qui</span> <span class='ocrx_word' id='word_1_89' title='bbox 1452 1343 1656 1386; x_wconf 82' lang='lat' dir='ltr'>Basileae</span> <span class='ocrx_word' id='word_1_90' title='bbox 1687 1346 1733 1387; x_wconf 89' lang='lat' dir='ltr'>et</span> 
     </span>
     <span class='ocr_line' id='line_1_16' title="bbox 297 1417 1733 1474; baseline 0.003 -16"><span class='ocrx_word' id='word_1_91' title='bbox 297 1417 542 1473; x_wconf 73' lang='lat' dir='ltr'>Gottingae</span> <span class='ocrx_word' id='word_1_92' title='bbox 564 1417 664 1473; x_wconf 86' lang='lat' dir='ltr'>pari</span> <span class='ocrx_word' id='word_1_93' title='bbox 684 1417 894 1460; x_wconf 80' lang='lat' dir='ltr'>comitate</span> <span class='ocrx_word' id='word_1_94' title='bbox 927 1421 971 1460; x_wconf 92' lang='lat' dir='ltr'>et</span> <span class='ocrx_word' id='word_1_95' title='bbox 992 1417 1267 1474; x_wconf 81' lang='lat' dir='ltr'>philologum</span> <span class='ocrx_word' id='word_1_96' title='bbox 1299 1421 1346 1461; x_wconf 82' lang='lat' dir='ltr'>et</span> <span class='ocrx_word' id='word_1_97' title='bbox 1366 1419 1584 1462; x_wconf 89' lang='lat' dir='ltr'>hominem</span> <span class='ocrx_word' id='word_1_98' title='bbox 1607 1422 1733 1464; x_wconf 90' lang='lat' dir='ltr'>bene-</span> 
     </span>
     <span class='ocr_line' id='line_1_17' title="bbox 297 1493 1733 1549; baseline 0.003 -14"><span class='ocrx_word' id='word_1_99' title='bbox 297 1493 407 1536; x_wconf 86' lang='lat' dir='ltr'>ficiis</span> <span class='ocrx_word' id='word_1_100' title='bbox 440 1494 567 1536; x_wconf 81' lang='lat' dir='ltr'>auxit</span> <span class='ocrx_word' id='word_1_101' title='bbox 597 1508 727 1549; x_wconf 86' lang='lat' dir='ltr'>quam</span> <span class='ocrx_word' id='word_1_102' title='bbox 756 1494 979 1548; x_wconf 83' lang='lat' dir='ltr'>maximis,</span> <span class='ocrx_word' id='word_1_103' title='bbox 1026 1494 1326 1549; x_wconf 79' lang='lat' dir='ltr'>Schwartzio,</span> <span class='ocrx_word' id='word_1_104' title='bbox 1369 1497 1489 1538; x_wconf 85' lang='lat' dir='ltr'>ouius</span> <span class='ocrx_word' id='word_1_105' title='bbox 1523 1512 1733 1540; x_wconf 86' lang='lat' dir='ltr'>summam</span> 
     </span>
     <span class='ocr_line' id='line_1_18' title="bbox 295 1571 1733 1629; baseline 0.003 -17"><span class='ocrx_word' id='word_1_106' title='bbox 295 1571 617 1614; x_wconf 69' lang='lat' dir='ltr'>humanitatem</span> <span class='ocrx_word' id='word_1_107' title='bbox 649 1586 780 1627; x_wconf 79' lang='lat' dir='ltr'>saepe</span> <span class='ocrx_word' id='word_1_108' title='bbox 804 1574 1015 1628; x_wconf 69' lang='lat' dir='ltr'>expertus</span> <span class='ocrx_word' id='word_1_109' title='bbox 1049 1588 1143 1615; x_wconf 87' lang='lat' dir='ltr'>sum</span> <span class='ocrx_word' id='word_1_110' title='bbox 1177 1575 1223 1615; x_wconf 91' lang='lat' dir='ltr'>et</span> <span class='ocrx_word' id='word_1_111' title='bbox 1255 1573 1328 1629; x_wconf 89' lang='lat' dir='ltr'>qui</span> <span class='ocrx_word' id='word_1_112' title='bbox 1361 1573 1522 1616; x_wconf 80' lang='lat' dir='ltr'>scholis</span> <span class='ocrx_word' id='word_1_113' title='bbox 1557 1574 1607 1616; x_wconf 84' lang='lat' dir='ltr'>de</span> <span class='ocrx_word' id='word_1_114' title='bbox 1630 1574 1733 1616; x_wconf 84' lang='lat' dir='ltr'>Pin-</span> 
     </span>
     <span class='ocr_line' id='line_1_19' title="bbox 296 1647 1732 1706; baseline 0.003 -17"><span class='ocrx_word' id='word_1_115' title='bbox 296 1647 405 1690; x_wconf 91' lang='lat' dir='ltr'>daro</span> <span class='ocrx_word' id='word_1_116' title='bbox 452 1647 619 1691; x_wconf 82' lang='lat' dir='ltr'>habitis</span> <span class='ocrx_word' id='word_1_117' title='bbox 666 1648 767 1691; x_wconf 82' lang='lat' dir='ltr'>huie</span> <span class='ocrx_word' id='word_1_118' title='bbox 813 1649 1022 1705; x_wconf 82' lang='lat' dir='ltr'>opusculo</span> <span class='ocrx_word' id='word_1_119' title='bbox 1069 1650 1269 1692; x_wconf 83' lang='lat' dir='ltr'>nascenti</span> <span class='ocrx_word' id='word_1_120' title='bbox 1314 1650 1501 1692; x_wconf 72' lang='lat' dir='ltr'>multum</span> <span class='ocrx_word' id='word_1_121' title='bbox 1548 1651 1732 1706; x_wconf 79' lang='lat' dir='ltr'>profuit,</span> 
     </span>
     <span class='ocr_line' id='line_1_20' title="bbox 295 1725 1730 1783; baseline 0.001 -16"><span class='ocrx_word' id='word_1_122' title='bbox 295 1725 456 1778; x_wconf 87' lang='lat' dir='ltr'>Leoni,</span> <span class='ocrx_word' id='word_1_123' title='bbox 506 1725 580 1782; x_wconf 89' lang='lat' dir='ltr'>qui</span> <span class='ocrx_word' id='word_1_124' title='bbox 619 1725 719 1768; x_wconf 86' lang='lat' dir='ltr'>inde</span> <span class='ocrx_word' id='word_1_125' title='bbox 766 1740 791 1768; x_wconf 87' lang='lat' dir='ltr'>a</span> <span class='ocrx_word' id='word_1_126' title='bbox 837 1725 1067 1783; x_wconf 80' lang='lat' dir='ltr'>principiis</span> <span class='ocrx_word' id='word_1_127' title='bbox 1108 1727 1527 1769; x_wconf 78' lang='lat' dir='ltr'>benevolentissime</span> <span class='ocrx_word' id='word_1_128' title='bbox 1570 1728 1730 1770; x_wconf 85' lang='lat' dir='ltr'>studiis</span> 
     </span>
     <span class='ocr_line' id='line_1_21' title="bbox 295 1801 1732 1860; baseline 0.003 -17"><span class='ocrx_word' id='word_1_129' title='bbox 295 1801 402 1844; x_wconf 86' lang='lat' dir='ltr'>meis</span> <span class='ocrx_word' id='word_1_130' title='bbox 433 1802 679 1858; x_wconf 80' lang='lat' dir='ltr'>prospexit,</span> <span class='ocrx_word' id='word_1_131' title='bbox 712 1803 927 1859; x_wconf 86' lang='lat' dir='ltr'>imprimis</span> <span class='ocrx_word' id='word_1_132' title='bbox 951 1805 1101 1846; x_wconf 82' lang='lat' dir='ltr'>autem</span> <span class='ocrx_word' id='word_1_133' title='bbox 1119 1807 1356 1860; x_wconf 79' lang='lat' dir='ltr'>postquam</span> <span class='ocrx_word' id='word_1_134' title='bbox 1386 1807 1519 1860; x_wconf 84' lang='lat' dir='ltr'>pater</span> <span class='ocrx_word' id='word_1_135' title='bbox 1551 1806 1732 1860; x_wconf 85' lang='lat' dir='ltr'>ereptus</span> 
     </span>
     <span class='ocr_line' id='line_1_22' title="bbox 295 1881 1733 1937; baseline 0.001 -15"><span class='ocrx_word' id='word_1_136' title='bbox 295 1881 364 1922; x_wconf 87' lang='lat' dir='ltr'>est</span> <span class='ocrx_word' id='word_1_137' title='bbox 395 1882 684 1935; x_wconf 84' lang='lat' dir='ltr'>praematura</span> <span class='ocrx_word' id='word_1_138' title='bbox 713 1883 858 1923; x_wconf 83' lang='lat' dir='ltr'>morte</span> <span class='ocrx_word' id='word_1_139' title='bbox 889 1895 996 1923; x_wconf 86' lang='lat' dir='ltr'>vere</span> <span class='ocrx_word' id='word_1_140' title='bbox 1029 1881 1161 1933; x_wconf 81' lang='lat'>1903,</span> <span class='ocrx_word' id='word_1_141' title='bbox 1207 1895 1255 1922; x_wconf 87' lang='lat' dir='ltr'>re</span> <span class='ocrx_word' id='word_1_142' title='bbox 1299 1895 1407 1923; x_wconf 84' lang='lat' dir='ltr'>vera</span> <span class='ocrx_word' id='word_1_143' title='bbox 1436 1881 1612 1937; x_wconf 86' lang='lat' dir='ltr'>patrius</span> <span class='ocrx_word' id='word_1_144' title='bbox 1645 1881 1733 1924; x_wconf 86' lang='lat' dir='ltr'>fuit</span> 
     </span>
     <span class='ocr_line' id='line_1_23' title="bbox 295 1955 1144 1999; baseline 0.002 -2"><span class='ocrx_word' id='word_1_145' title='bbox 295 1955 580 1999; x_wconf 80' lang='lat' dir='ltr'>consiliorum</span> <span class='ocrx_word' id='word_1_146' title='bbox 610 1959 767 1999; x_wconf 84' lang='lat' dir='ltr'>auctor</span> <span class='ocrx_word' id='word_1_147' title='bbox 799 1961 844 1999; x_wconf 87' lang='lat' dir='ltr'>et</span> <span class='ocrx_word' id='word_1_148' title='bbox 876 1957 1144 1999; x_wconf 81' lang='lat' dir='ltr'>moderator.</span> 
     </span>
    </p>

    <p class='ocr_par' dir='ltr' id='par_1_4' title="bbox 292 2031 1732 2229">
     <span class='ocr_line' id='line_1_24' title="bbox 408 2031 1732 2090; baseline 0.002 -17"><span class='ocrx_word' id='word_1_149' title='bbox 408 2031 611 2088; x_wconf 87' lang='lat' dir='ltr'>Denique</span> <span class='ocrx_word' id='word_1_150' title='bbox 642 2047 708 2074; x_wconf 88' lang='lat' dir='ltr'>me</span> <span class='ocrx_word' id='word_1_151' title='bbox 741 2032 970 2075; x_wconf 84' lang='lat' dir='ltr'>societatis</span> <span class='ocrx_word' id='word_1_152' title='bbox 1009 2032 1337 2089; x_wconf 86' lang='lat' dir='ltr'>philologorum</span> <span class='ocrx_word' id='word_1_153' title='bbox 1367 2033 1732 2090; x_wconf 81' lang='lat' dir='ltr'>Gottingensium</span> 
     </span>
     <span class='ocr_line' id='line_1_25' title="bbox 296 2108 1731 2166; baseline 0.002 -16"><span class='ocrx_word' id='word_1_154' title='bbox 296 2108 511 2161; x_wconf 81' lang='lat' dir='ltr'>sodalem,</span> <span class='ocrx_word' id='word_1_155' title='bbox 562 2108 915 2151; x_wconf 85' lang='lat' dir='ltr'>Berolinensium</span> <span class='ocrx_word' id='word_1_156' title='bbox 961 2109 1180 2166; x_wconf 87' lang='lat' dir='ltr'>hospitem</span> <span class='ocrx_word' id='word_1_157' title='bbox 1225 2109 1364 2153; x_wconf 83' lang='lat' dir='ltr'>fuisse</span> <span class='ocrx_word' id='word_1_158' title='bbox 1407 2113 1541 2166; x_wconf 84' lang='lat' dir='ltr'>grato</span> <span class='ocrx_word' id='word_1_159' title='bbox 1588 2111 1731 2153; x_wconf 86' lang='lat' dir='ltr'>animo</span> 
     </span>
     <span class='ocr_line' id='line_1_26' title="bbox 292 2185 811 2229; baseline 0 -2"><span class='ocrx_word' id='word_1_160' title='bbox 292 2185 427 2228; x_wconf 84' lang='lat' dir='ltr'>liceat</span> <span class='ocrx_word' id='word_1_161' title='bbox 459 2199 811 2229; x_wconf 86' lang='lat' dir='ltr'>commemorare.</span> 
     </span>
    </p>
   </div>
   <div class='ocr_carea' id='block_1_3' title="bbox 2078 0 2111 3303">
    <p class='ocr_par' dir='ltr' id='par_1_5' title="bbox 2078 0 2111 3303">
     <span class='ocr_line' id='line_1_27' title="bbox 2078 0 2111 3303; baseline 0 0"><span class='ocrx_word' id='word_1_162' title='bbox 2078 0 2111 3303; x_wconf 95' lang='lat' dir='ltr'> </span> 
     </span>
    </p>
   </div>
  </div>
 </body>
</html>
