2111 3303
1016 219 1071 260 22

327 332 556 388 patr0n11)
589 332 689 388 equi
722 332 757 375 O
779 332 803 374 Ι
828 333 883 374 87
915 341 1142 386 πτεροῖσιν
1173 334 1413 388 ἀκάμαντες
1444 334 1656 378 dicuntur
1687 338 1767 379 aut

327 409 527 464 Pegasus
560 408 596 451 O
627 408 749 450 XIII
779 409 835 450 87
868 410 1001 459 ἵππος
1032 411 1229 463 πτερόεις
1260 413 1343 463 est,
1377 411 1455 453 sed
1485 411 1563 454 alii
1594 427 1766 469 quoque

326 485 428 541 equi
460 483 655 526 Pindaro
689 484 761 539 (fr.
795 484 895 539 221)
929 488 975 527 eb
1007 484 1221 528 Simonidi
1253 485 1328 540 (fr.
1361 487 1404 541 7)
1439 487 1702 538 ἀελλόποδες
1720 487 1766 543 ²),

327 561 590 615 Bacchylidi
622 560 682 617 (V
713 561 784 616 39)
828 562 1118 616 ἀελλοδρόμαι
1163 568 1280 605 sunt.
1342 563 1535 606 Prorsus
1575 567 1767 607 novatae
1827 560 1830 562 ’

328 653 425 681 esse
469 637 681 680 videntur
730 652 860 680 voces
901 638 1087 682 Pindari
1128 639 1180 692 (O
1224 639 1297 681 ΠΙ
1328 640 1370 695 3)
1413 640 1768 694 ἀκαμαντόποδες

328 720 374 757 et
407 713 645 756 Simonidis
687 713 759 770 (fr.
783 714 857 768 29)
889 714 1141 764 ἀπέλαστος.
1217 715 1302 768 Qui
1334 716 1456 772 equis
1499 717 1678 759 vehitur
1722 722 1768 760 ei:

327 791 373 832 in
417 805 468 833 ea
499 804 629 846 quam
660 790 882 833 Pindarus
915 792 968 846 (Ο
1001 791 1075 834 ΙΙΙ
1105 792 1177 846 37)
1224 792 1333 834 dicit
1365 793 1674 847 ῥιμῳάρματον
1705 795 1769 835 δι-

329 871 579 922 φρηλασιάν
612 867 805 918 excelh't,
849 868 1114 923 Bacchylidi
1149 871 1218 911 est
1250 870 1489 921 διώξιππος
1521 869 1659 924 <VIII
1699 870 1766 923 44,

326 946 566 1000 praeterea
597 944 723 986 Pind.
754 944 890 1000 Pyth.
928 945 998 986 IX
1032 946 1072 997 4,
1105 946 1162 987 fr.
1196 945 1345 1002 adesp.
1378 946 1450 1002 85)
1482 948 1769 1001 ι’πποδίνητος

329 1021 387 1076 (V
419 1020 462 1076 2)
496 1022 694 1076 ἱππώκης
735 1021 793 1076 (Χ
826 1021 945 1077 101),
989 1022 1185 1064 Pindaro
1229 1023 1560 1077 ἁρμασίδουπος
1591 1024 1664 1079 (fr.
1698 1024 1769 1079 17)

328 1099 602 1152 διφρηλάτας
645 1098 696 1153 (Ρ
728 1098 798 1140 IX
828 1099 896 1150 81,
941 1099 971 1141 J
1015 1099 1037 1140 Ι
1069 1100 1147 1151 17,
1196 1099 1312 1156 quod
1355 1100 1502 1156 aliquo
1544 1101 1672 1144 modo
1713 1101 1770 1144 ad

328 1174 498 1231 epicum
531 1175 750 1229 ἱππηλάτα
782 1175 919 1230 redit)
951 1176 1193 1230 εὐάρματος
1221 1176 1273 1231 (P
1297 1176 1363 1219 IV
1387 1178 1412 1218 7
1447 1177 1582 1233 saep.)
1614 1179 1768 1232 φιλάρ-

327 1267 461 1305 ματος
492 1251 540 1307 (J
571 1251 691 1294 VIII
723 1252 819 1306 20),
867 1255 1106 1309 praeterea
1150 1253 1195 1294 in
1238 1253 1354 1296 Iolai
1398 1254 1596 1310 epitheto
1642 1255 1768 1296 ἱππό-

328 1344 457 1382 μητις
503 1328 550 1383 (ιῙ
583 1329 678 1370 VII
711 1329 753 1384 9)
796 1329 1000 1371 novando
1045 1330 1259 1372 audacter
1300 1345 1404 1372 usus
1447 1334 1516 1373 est
1546 1330 1768 1374 Pindarus

328 1405 514 1448 vocibus
548 1406 682 1461 epicis
715 1406 869 1462 quales
903 1408 1007 1448 sunt
1031 1407 1278 1460 ἱππόδαμος
1310 1410 1355 1449 et
1377 1409 1639 1461 πολύμητις;
1683 1422 1770 1464 qua

329 1481 382 1524 de
416 1482 723 1525 coniunctione
749 1482 1038 1539 complurium
1062 1483 1359 1540 exemplorum
1391 1483 1512 1526 infra
1543 1484 1675 1540 plura
1707 1484 1768 1527 di-

331 1559 474 1601 cenda
506 1562 621 1602 sunt.

450 1635 640 1679 Accedit
687 1651 736 1679 ac
783 1637 844 1679 sic
889 1637 1068 1679 tandem
1115 1637 1171 1679 ad
1217 1637 1423 1680 carminis
1468 1637 1503 1678 P
1536 1637 1602 1679 IV
1643 1654 1682 1680 v.
1717 1638 1771 1680 18

329 1712 596 1767 relabimur,
643 1713 760 1770 quod
801 1714 945 1770 poetis
988 1714 1121 1770 epicis
1169 1730 1254 1756 vox
1293 1729 1404 1770 quae
1446 1717 1516 1756 est
1555 1715 1681 1756 ἵπποι
1723 1721 1769 1757 eb

329 1804 542 1846 equorum
566 1793 612 1832 et
635 1806 791 1833 currus
816 1791 1139 1846 significatione
1162 1794 1380 1847 usurpata
1400 1795 1489 1845 est,
1538 1791 1686 1834 altera
1707 1791 1770 1834 al-

329 1869 476 1909 teram
508 1867 674 1923 excipit
695 1868 733 1909 E
756 1868 888 1918 32Ss9
921 1870 1054 1924 atque
1087 1868 1222 1910 etiam
1253 1883 1412 1910 currus
1446 1868 1770 1924 significatione

330 1957 417 1985 vox
451 1944 663 2000 epithetis
697 1959 908 2001 equorum
942 1948 1154 1996 ornatur,
1202 1945 1317 1988 sicut
1350 1949 1386 1987 Θ
1418 1945 1499 1987 129
1542 1945 1595 1988 de
1635 1960 1771 1988 curru

332 2020 502 2076 legitur
537 2022 763 2071 ὠκύποδες
793 2023 932 2065 ἵπποι.
997 2022 1095 2075 Qua
1125 2022 1308 2065 licentia
1338 2021 1532 2064 libenter
1563 2037 1668 2065 usus
1702 2030 1772 2065 est

328 2098 552 2141 Pindarus
567 2097 623 2154 3),
669 2099 743 2155 qui
775 2098 1030 2154 χρυσέαισιν
1062 2099 1137 2141 ’ἀν’
1172 2100 1324 2149 ἵπποις
1356 2099 1529 2156 saepius
1561 2099 1615 2155 (Ο
1646 2100 1669 2141 Ι
1699 2099 1768 2153 41,

330 2175 451 2216 VIII
484 2177 551 2227 51,
584 2175 642 2216 fr.
663 2176 734 2230 30)
766 2175 901 2218 habet
934 2176 1083 2218 eodem
1118 2191 1259 2228 sensu,
1301 2191 1385 2232 quo
1418 2176 1529 2218 alias
1559 2176 1771 2232 (eiusdem

428 2329 461 2369 1)
488 2326 588 2361 Unde
615 2327 640 2359 Ρ
672 2327 716 2360 [V
744 2329 788 2361 45
814 2326 1004 2371 Neptunus
1033 2328 1217 2372 ἵππαρχος
1253 2331 1326 2369 est,
1367 2328 1459 2361 sicut
1486 2327 1513 2361 O
1541 2327 1607 2361 VII
1636 2330 1676 2361 71
1707 2327 1767 2362 Sol

329 2397 402 2435 πῦρ
430 2391 621 2427 πνεόντων
647 2393 758 2437 ἀρχὸς
785 2394 910 2427 ἵππων
938 2400 973 2428 et
1001 2394 1044 2428 fr.
1065 2396 1131 2427 243
1160 2393 1313 2428 Aidonei
1339 2394 1499 2437 epitheto
1527 2394 1627 2437 epico
1654 2394 1770 2428 utitur

330 2457 570 2498 κλυτόπωλος.

427 2528 461 2565 2)
490 2526 589 2561 Sicut
616 2527 682 2561 Iris
711 2527 864 2561 Homero
892 2525 1094 2566 ἀελλόπους
1120 2532 1184 2570 est,
1225 2537 1330 2570 quain
1357 2537 1441 2561 voce
1468 2527 1569 2570 epica
1596 2537 1689 2570 quae
1715 2532 1769 2561 est

329 2591 542 2636 ποδάνεμος
568 2598 673 2627 ornat
703 2593 946 2638 Bacchylides,
984 2593 1176 2638 ἀνεμώκεα
1203 2591 1320 2636 κόραν
1347 2598 1453 2637 poeta
1480 2592 1525 2627 fr.
1552 2593 1674 2638 adesp.
1706 2596 1769 2627 105

331 2658 504 2699 (fortasse
532 2659 708 2693 Pindarus
736 2659 850 2694 iudice
879 2660 1049 2704 Bergkio)
1078 2659 1174 2694 dicit.

427 2729 463 2765 3)
492 2726 604 2760 simili
639 2727 779 2761 ratione
816 2727 1009 2770 Euripides
1046 2727 1180 2762 Phoen.
1210 2730 1274 2761 172
1309 2727 1416 2761 habet
1450 2727 1492 2761 de
1528 2727 1768 2771 Amphiarao:

330 2791 429 2835 ἅρμα
458 2792 588 2826 λευκὸν
616 2791 862 2836 ἡνιοστροφεῖ.
