<?xml version="1.0" encoding="UTF-8"?>
<!DOCTYPE html PUBLIC "-//W3C//DTD XHTML 1.0 Transitional//EN"
    "http://www.w3.org/TR/xhtml1/DTD/xhtml1-transitional.dtd">
<html xmlns="http://www.w3.org/1999/xhtml" xml:lang="en" lang="en">
 <head>
  <title>
</title>
<meta http-equiv="Content-Type" content="text/html;charset=utf-8" />
  <meta name='ocr-system' content='tesseract 3.04.00' />
  <meta name='ocr-capabilities' content='ocr_page ocr_carea ocr_par ocr_line ocrx_word'/>
</head>
<body>
  <div class='ocr_page' id='page_1' title='image "./deelocutionispin00schuuoft_0035.png"; bbox 0 0 2111 3303; ppageno 0'>
   <div class='ocr_carea' id='block_1_1' title="bbox 972 195 1021 237">
    <p class='ocr_par' dir='ltr' id='par_1_1' title="bbox 972 195 1021 237">
     <span class='ocr_line' id='line_1_1' title="bbox 972 195 1021 237; baseline -0.02 0"><span class='ocrx_word' id='word_1_1' title='bbox 972 195 1021 237; x_wconf 90' lang='lat'>31</span> 
     </span>
    </p>
   </div>
   <div class='ocr_carea' id='block_1_2' title="bbox 281 309 1723 903">
    <p class='ocr_par' dir='ltr' id='par_1_2' title="bbox 281 309 1723 903">
     <span class='ocr_line' id='line_1_2' title="bbox 282 309 1721 366; baseline -0.001 -13"><span class='ocrx_word' id='word_1_2' title='bbox 282 324 415 353; x_wconf 88' lang='lat' dir='ltr'>versa</span> <span class='ocrx_word' id='word_1_3' title='bbox 446 325 595 353; x_wconf 87' lang='lat' dir='ltr'>rerum</span> <span class='ocrx_word' id='word_1_4' title='bbox 617 309 870 352; x_wconf 87' lang='lat' dir='ltr'>condicione</span> <span class='ocrx_word' id='word_1_5' title='bbox 900 309 1020 352; x_wconf 85' lang='lat' dir='ltr'>feres</span> <span class='ocrx_word' id='word_1_6' title='bbox 1043 309 1249 352; x_wconf 88' lang='lat' dir='ltr'>iudicium</span> <span class='ocrx_word' id='word_1_7' title='bbox 1277 310 1471 366; x_wconf 85' lang='lat' dir='ltr'>positum</span> <span class='ocrx_word' id='word_1_8' title='bbox 1503 312 1586 363; x_wconf 86' lang='lat' dir='ltr'>est,</span> <span class='ocrx_word' id='word_1_9' title='bbox 1619 326 1721 352; x_wconf 88' lang='lat' dir='ltr'>num</span> 
     </span>
     <span class='ocr_line' id='line_1_3' title="bbox 283 385 1721 442; baseline -0.001 -14"><span class='ocrx_word' id='word_1_10' title='bbox 283 391 519 442; x_wconf 87' lang='lat' dir='ltr'>utrumque</span> <span class='ocrx_word' id='word_1_11' title='bbox 564 400 740 428; x_wconf 90' lang='lat' dir='ltr'>carmen</span> <span class='ocrx_word' id='word_1_12' title='bbox 772 385 967 428; x_wconf 75' lang='lat' dir='ltr'>Pindaro</span> <span class='ocrx_word' id='word_1_13' title='bbox 1009 386 1264 428; x_wconf 79' lang='lat' dir='ltr'>adscribere</span> <span class='ocrx_word' id='word_1_14' title='bbox 1307 386 1418 429; x_wconf 86' lang='lat' dir='ltr'>velis</span> <span class='ocrx_word' id='word_1_15' title='bbox 1461 402 1516 428; x_wconf 89' lang='lat' dir='ltr'>an</span> <span class='ocrx_word' id='word_1_16' title='bbox 1556 401 1721 429; x_wconf 88' lang='lat' dir='ltr'>mecum</span> 
     </span>
     <span class='ocr_line' id='line_1_4' title="bbox 282 462 1722 520; baseline 0 -14"><span class='ocrx_word' id='word_1_17' title='bbox 282 464 336 506; x_wconf 80' lang='lat' dir='ltr'>ab</span> <span class='ocrx_word' id='word_1_18' title='bbox 376 463 607 505; x_wconf 85' lang='lat' dir='ltr'>imitatore</span> <span class='ocrx_word' id='word_1_19' title='bbox 649 462 729 505; x_wconf 91' lang='lat' dir='ltr'>hoc</span> <span class='ocrx_word' id='word_1_20' title='bbox 769 463 814 504; x_wconf 88' lang='lat' dir='ltr'>in</span> <span class='ocrx_word' id='word_1_21' title='bbox 852 478 1017 518; x_wconf 90' lang='lat' dir='ltr'>genere</span> <span class='ocrx_word' id='word_1_22' title='bbox 1050 463 1298 506; x_wconf 81' lang='lat' dir='ltr'>exercitato</span> <span class='ocrx_word' id='word_1_23' title='bbox 1343 463 1421 506; x_wconf 87' lang='lat' dir='ltr'>illo</span> <span class='ocrx_word' id='word_1_24' title='bbox 1464 464 1638 520; x_wconf 86' lang='lat' dir='ltr'>quidem</span> <span class='ocrx_word' id='word_1_25' title='bbox 1675 466 1722 506; x_wconf 86' lang='lat' dir='ltr'>et</span> 
     </span>
     <span class='ocr_line' id='line_1_5' title="bbox 282 539 1720 596; baseline -0.001 -14"><span class='ocrx_word' id='word_1_26' title='bbox 282 539 514 595; x_wconf 78' lang='lat' dir='ltr'>diligenti,</span> <span class='ocrx_word' id='word_1_27' title='bbox 569 540 645 582; x_wconf 84' lang='lat' dir='ltr'>sed</span> <span class='ocrx_word' id='word_1_28' title='bbox 696 540 873 595; x_wconf 87' lang='lat' dir='ltr'>ingenio</span> <span class='ocrx_word' id='word_1_29' title='bbox 924 542 1104 582; x_wconf 75' lang='lat' dir='ltr'>carente</span> <span class='ocrx_word' id='word_1_30' title='bbox 1151 541 1400 596; x_wconf 81' lang='lat' dir='ltr'>profectum</span> <span class='ocrx_word' id='word_1_31' title='bbox 1446 555 1543 583; x_wconf 87' lang='lat' dir='ltr'>esse</span> <span class='ocrx_word' id='word_1_32' title='bbox 1586 541 1720 583; x_wconf 87' lang='lat' dir='ltr'>dicas.</span> 
     </span>
     <span class='ocr_line' id='line_1_6' title="bbox 283 616 1720 673; baseline 0.001 -15"><span class='ocrx_word' id='word_1_33' title='bbox 283 616 492 659; x_wconf 88' lang='lat' dir='ltr'>Ceterum</span> <span class='ocrx_word' id='word_1_34' title='bbox 536 631 666 659; x_wconf 79' lang='lat' dir='ltr'>voces</span> <span class='ocrx_word' id='word_1_35' title='bbox 708 631 761 659; x_wconf 80' lang='lat' dir='ltr'>ex</span> <span class='ocrx_word' id='word_1_36' title='bbox 792 616 871 658; x_wconf 89' lang='lat' dir='ltr'>illo</span> <span class='ocrx_word' id='word_1_37' title='bbox 904 617 1098 659; x_wconf 84' lang='lat' dir='ltr'>carmine</span> <span class='ocrx_word' id='word_1_38' title='bbox 1130 616 1419 673; x_wconf 79' lang='lat' dir='ltr'>depromptas</span> <span class='ocrx_word' id='word_1_39' title='bbox 1452 617 1503 659; x_wconf 89' lang='lat' dir='ltr'>de</span> <span class='ocrx_word' id='word_1_40' title='bbox 1537 617 1720 660; x_wconf 82' lang='lat' dir='ltr'>consilio</span> 
     </span>
     <span class='ocr_line' id='line_1_7' title="bbox 282 693 1721 750; baseline 0.001 -14"><span class='ocrx_word' id='word_1_41' title='bbox 282 694 485 736; x_wconf 87' lang='lat' dir='ltr'>omittam</span> <span class='ocrx_word' id='word_1_42' title='bbox 516 693 562 735; x_wconf 87' lang='lat' dir='ltr'>in</span> <span class='ocrx_word' id='word_1_43' title='bbox 593 693 927 750; x_wconf 75' lang='lat' dir='ltr'>quaestionibus</span> <span class='ocrx_word' id='word_1_44' title='bbox 975 693 1030 735; x_wconf 85' lang='lat' dir='ltr'>ad</span> <span class='ocrx_word' id='word_1_45' title='bbox 1062 693 1325 735; x_wconf 82' lang='lat' dir='ltr'>elocutionis</span> <span class='ocrx_word' id='word_1_46' title='bbox 1358 693 1621 737; x_wconf 82' lang='lat' dir='ltr'>Pindaricae</span> <span class='ocrx_word' id='word_1_47' title='bbox 1653 709 1721 737; x_wconf 89' lang='lat' dir='ltr'>co-</span> 
     </span>
     <span class='ocr_line' id='line_1_8' title="bbox 281 770 1723 826; baseline 0 -14"><span class='ocrx_word' id='word_1_48' title='bbox 281 770 421 813; x_wconf 90' lang='lat' dir='ltr'>lorem</span> <span class='ocrx_word' id='word_1_49' title='bbox 453 770 622 826; x_wconf 89' lang='lat' dir='ltr'>epicum</span> <span class='ocrx_word' id='word_1_50' title='bbox 653 770 1006 826; x_wconf 86' lang='lat' dir='ltr'>pertinentibus,</span> <span class='ocrx_word' id='word_1_51' title='bbox 1053 770 1108 812; x_wconf 86' lang='lat' dir='ltr'>ad</span> <span class='ocrx_word' id='word_1_52' title='bbox 1139 785 1248 826; x_wconf 86' lang='lat' dir='ltr'>quas</span> <span class='ocrx_word' id='word_1_53' title='bbox 1281 785 1396 812; x_wconf 88' lang='lat' dir='ltr'>nunc</span> <span class='ocrx_word' id='word_1_54' title='bbox 1426 786 1507 813; x_wconf 84' lang='lat' dir='ltr'>nos</span> <span class='ocrx_word' id='word_1_55' title='bbox 1540 786 1723 814; x_wconf 87' lang='lat' dir='ltr'>conver-</span> 
     </span>
     <span class='ocr_line' id='line_1_9' title="bbox 281 846 1412 903; baseline 0 -14"><span class='ocrx_word' id='word_1_56' title='bbox 281 848 415 889; x_wconf 83' lang='lat' dir='ltr'>timus</span> <span class='ocrx_word' id='word_1_57' title='bbox 448 850 582 903; x_wconf 86' lang='lat' dir='ltr'>atque</span> <span class='ocrx_word' id='word_1_58' title='bbox 614 861 771 902; x_wconf 85' lang='lat' dir='ltr'>agmen</span> <span class='ocrx_word' id='word_1_59' title='bbox 802 847 966 889; x_wconf 83' lang='lat' dir='ltr'>ducant</span> <span class='ocrx_word' id='word_1_60' title='bbox 990 846 1218 889; x_wconf 75' lang='lat' dir='ltr'>formulae</span> <span class='ocrx_word' id='word_1_61' title='bbox 1251 847 1412 903; x_wconf 87' lang='lat' dir='ltr'>epicae.</span> 
     </span>
    </p>
   </div>
   <div class='ocr_carea' id='block_1_3' title="bbox 282 1078 1722 1124">
    <p class='ocr_par' dir='ltr' id='par_1_3' title="bbox 282 1078 1722 1124">
     <span class='ocr_line' id='line_1_10' title="bbox 282 1078 1722 1124; baseline 0.001 -3"><span class='ocrx_word' id='word_1_62' title='bbox 282 1078 483 1121; x_wconf 84' lang='lat' dir='ltr'><strong>CAPUT</strong></span> <span class='ocrx_word' id='word_1_63' title='bbox 515 1078 596 1120; x_wconf 90' lang='lat' dir='ltr'>IV.</span> <span class='ocrx_word' id='word_1_64' title='bbox 651 1078 730 1120; x_wconf 92' lang='lat' dir='ltr'>DE</span> <span class='ocrx_word' id='word_1_65' title='bbox 761 1078 1071 1121; x_wconf 80' lang='lat' dir='ltr'>FORMULIS</span> <span class='ocrx_word' id='word_1_66' title='bbox 1104 1078 1183 1121; x_wconf 81' lang='lat' dir='ltr'>ET</span> <span class='ocrx_word' id='word_1_67' title='bbox 1216 1078 1477 1122; x_wconf 84' lang='lat' dir='ltr'>VOCIBUS</span> <span class='ocrx_word' id='word_1_68' title='bbox 1510 1079 1722 1124; x_wconf 80' lang='lat' dir='ltr'><strong>EPICIS.</strong></span> 
     </span>
    </p>
   </div>
   <div class='ocr_carea' id='block_1_4' title="bbox 280 1183 1724 1856">
    <p class='ocr_par' dir='ltr' id='par_1_4' title="bbox 280 1183 1724 1856">
     <span class='ocr_line' id='line_1_11' title="bbox 395 1183 1722 1243; baseline 0.002 -18"><span class='ocrx_word' id='word_1_69' title='bbox 395 1183 581 1239; x_wconf 84' lang='lat' dir='ltr'>Epicum</span> <span class='ocrx_word' id='word_1_70' title='bbox 604 1183 796 1226; x_wconf 85' lang='lat' dir='ltr'>colorem</span> <span class='ocrx_word' id='word_1_71' title='bbox 826 1199 921 1226; x_wconf 89' lang='lat' dir='ltr'>cum</span> <span class='ocrx_word' id='word_1_72' title='bbox 944 1184 1163 1228; x_wconf 82' lang='lat' dir='ltr'>formulae</span> <span class='ocrx_word' id='word_1_73' title='bbox 1196 1199 1249 1227; x_wconf 78' lang='lat' dir='ltr'>ex</span> <span class='ocrx_word' id='word_1_74' title='bbox 1271 1185 1539 1228; x_wconf 81' lang='lat' dir='ltr'>carminibus</span> <span class='ocrx_word' id='word_1_75' title='bbox 1573 1186 1722 1243; x_wconf 79' lang='lat' dir='ltr'>epicis,</span> 
     </span>
     <span class='ocr_line' id='line_1_12' title="bbox 281 1260 1722 1316; baseline 0.003 -14"><span class='ocrx_word' id='word_1_76' title='bbox 281 1260 357 1303; x_wconf 89' lang='lat' dir='ltr'>ubi</span> <span class='ocrx_word' id='word_1_77' title='bbox 390 1261 646 1316; x_wconf 85' lang='lat' dir='ltr'>saepissime</span> <span class='ocrx_word' id='word_1_78' title='bbox 679 1261 891 1313; x_wconf 83' lang='lat' dir='ltr'>redeunt,</span> <span class='ocrx_word' id='word_1_79' title='bbox 935 1264 1069 1304; x_wconf 89' lang='lat' dir='ltr'>notae</span> <span class='ocrx_word' id='word_1_80' title='bbox 1112 1267 1190 1304; x_wconf 88' lang='lat' dir='ltr'>aut</span> <span class='ocrx_word' id='word_1_81' title='bbox 1224 1263 1396 1304; x_wconf 89' lang='lat' dir='ltr'>omnino</span> <span class='ocrx_word' id='word_1_82' title='bbox 1429 1278 1516 1304; x_wconf 90' lang='lat' dir='ltr'>non</span> <span class='ocrx_word' id='word_1_83' title='bbox 1549 1266 1630 1306; x_wconf 78' lang='lat' dir='ltr'>aut</span> <span class='ocrx_word' id='word_1_84' title='bbox 1660 1264 1722 1306; x_wconf 92' lang='lat' dir='ltr'>le-</span> 
     </span>
     <span class='ocr_line' id='line_1_13' title="bbox 282 1337 1721 1393; baseline 0.003 -14"><span class='ocrx_word' id='word_1_85' title='bbox 282 1337 461 1380; x_wconf 84' lang='lat' dir='ltr'>nissime</span> <span class='ocrx_word' id='word_1_86' title='bbox 494 1340 694 1380; x_wconf 88' lang='lat' dir='ltr'>mutatae</span> <span class='ocrx_word' id='word_1_87' title='bbox 726 1338 1009 1393; x_wconf 82' lang='lat' dir='ltr'>apertissime</span> <span class='ocrx_word' id='word_1_88' title='bbox 1041 1338 1350 1382; x_wconf 78' lang='lat' dir='ltr'>demonstrare</span> <span class='ocrx_word' id='word_1_89' title='bbox 1379 1339 1632 1382; x_wconf 85' lang='lat' dir='ltr'>videantur.</span> <span class='ocrx_word' id='word_1_90' title='bbox 1667 1342 1721 1383; x_wconf 87' lang='lat' dir='ltr'>ab</span> 
     </span>
     <span class='ocr_line' id='line_1_14' title="bbox 281 1414 1722 1471; baseline 0.002 -15"><span class='ocrx_word' id='word_1_91' title='bbox 281 1414 350 1457; x_wconf 88' lang='lat' dir='ltr'>his</span> <span class='ocrx_word' id='word_1_92' title='bbox 383 1414 588 1456; x_wconf 85' lang='lat' dir='ltr'>formulis</span> <span class='ocrx_word' id='word_1_93' title='bbox 621 1415 768 1471; x_wconf 87' lang='lat' dir='ltr'>epicis,</span> <span class='ocrx_word' id='word_1_94' title='bbox 802 1430 914 1471; x_wconf 85' lang='lat' dir='ltr'>quae</span> <span class='ocrx_word' id='word_1_95' title='bbox 946 1415 1237 1458; x_wconf 86' lang='lat' dir='ltr'>inveniuntur</span> <span class='ocrx_word' id='word_1_96' title='bbox 1268 1416 1316 1458; x_wconf 89' lang='lat' dir='ltr'>in</span> <span class='ocrx_word' id='word_1_97' title='bbox 1348 1417 1600 1460; x_wconf 78' lang='lat' dir='ltr'>elocutione</span> <span class='ocrx_word' id='word_1_98' title='bbox 1622 1417 1722 1459; x_wconf 88' lang='lat' dir='ltr'>Pin-</span> 
     </span>
     <span class='ocr_line' id='line_1_15' title="bbox 283 1491 1723 1548; baseline 0.003 -15"><span class='ocrx_word' id='word_1_99' title='bbox 283 1491 447 1543; x_wconf 63' lang='lat' dir='ltr'>damea,</span> <span class='ocrx_word' id='word_1_100' title='bbox 480 1491 752 1548; x_wconf 82' lang='lat' dir='ltr'>incipiamus,</span> <span class='ocrx_word' id='word_1_101' title='bbox 787 1506 894 1548; x_wconf 87' lang='lat' dir='ltr'>quas</span> <span class='ocrx_word' id='word_1_102' title='bbox 918 1493 1269 1535; x_wconf 84' lang='lat' dir='ltr'>enumerabimus</span> <span class='ocrx_word' id='word_1_103' title='bbox 1293 1494 1535 1536; x_wconf 81' lang='lat' dir='ltr'>carminum</span> <span class='ocrx_word' id='word_1_104' title='bbox 1569 1495 1723 1537; x_wconf 84' lang='lat' dir='ltr'>ordine</span> 
     </span>
     <span class='ocr_line' id='line_1_16' title="bbox 283 1568 1722 1626; baseline 0.002 -15"><span class='ocrx_word' id='word_1_105' title='bbox 283 1571 490 1622; x_wconf 80' lang='lat' dir='ltr'>servato,</span> <span class='ocrx_word' id='word_1_106' title='bbox 533 1568 601 1610; x_wconf 88' lang='lat' dir='ltr'>ita</span> <span class='ocrx_word' id='word_1_107' title='bbox 641 1570 792 1611; x_wconf 82' lang='lat' dir='ltr'>tamen</span> <span class='ocrx_word' id='word_1_108' title='bbox 831 1571 884 1611; x_wconf 90' lang='lat' dir='ltr'>ut</span> <span class='ocrx_word' id='word_1_109' title='bbox 926 1584 1002 1612; x_wconf 87' lang='lat' dir='ltr'>eae</span> <span class='ocrx_word' id='word_1_110' title='bbox 1046 1584 1158 1626; x_wconf 85' lang='lat' dir='ltr'>quae</span> <span class='ocrx_word' id='word_1_111' title='bbox 1204 1570 1304 1626; x_wconf 88' lang='lat' dir='ltr'>plus</span> <span class='ocrx_word' id='word_1_112' title='bbox 1346 1585 1429 1612; x_wconf 89' lang='lat' dir='ltr'>uno</span> <span class='ocrx_word' id='word_1_113' title='bbox 1471 1570 1568 1613; x_wconf 92' lang='lat' dir='ltr'>loco</span> <span class='ocrx_word' id='word_1_114' title='bbox 1600 1571 1722 1615; x_wconf 81' lang='lat' dir='ltr'>inve-</span> 
     </span>
     <span class='ocr_line' id='line_1_17' title="bbox 280 1645 1723 1704; baseline 0.003 -17"><span class='ocrx_word' id='word_1_115' title='bbox 280 1645 465 1688; x_wconf 81' lang='lat' dir='ltr'>niantur</span> <span class='ocrx_word' id='word_1_116' title='bbox 497 1650 542 1687; x_wconf 89' lang='lat' dir='ltr'>et</span> <span class='ocrx_word' id='word_1_117' title='bbox 574 1645 636 1688; x_wconf 87' lang='lat' dir='ltr'>sic</span> <span class='ocrx_word' id='word_1_118' title='bbox 665 1645 770 1687; x_wconf 86' lang='lat' dir='ltr'>illae</span> <span class='ocrx_word' id='word_1_119' title='bbox 802 1660 974 1702; x_wconf 88' lang='lat' dir='ltr'>quoque</span> <span class='ocrx_word' id='word_1_120' title='bbox 996 1646 1291 1689; x_wconf 82' lang='lat' dir='ltr'>formularum</span> <span class='ocrx_word' id='word_1_121' title='bbox 1322 1663 1503 1690; x_wconf 88' lang='lat' dir='ltr'>munere</span> <span class='ocrx_word' id='word_1_122' title='bbox 1534 1648 1723 1704; x_wconf 84' lang='lat' dir='ltr'>fungun-</span> 
     </span>
     <span class='ocr_line' id='line_1_18' title="bbox 280 1722 1724 1781; baseline 0.003 -18"><span class='ocrx_word' id='word_1_123' title='bbox 280 1725 382 1775; x_wconf 90' lang='lat' dir='ltr'>tur,</span> <span class='ocrx_word' id='word_1_124' title='bbox 427 1736 585 1777; x_wconf 87' lang='lat' dir='ltr'>agmen</span> <span class='ocrx_word' id='word_1_125' title='bbox 629 1722 803 1765; x_wconf 86' lang='lat' dir='ltr'>ducant.</span> <span class='ocrx_word' id='word_1_126' title='bbox 866 1722 980 1765; x_wconf 84' lang='lat' dir='ltr'>Sunt</span> <span class='ocrx_word' id='word_1_127' title='bbox 1027 1725 1175 1766; x_wconf 82' lang='lat' dir='ltr'>autem</span> <span class='ocrx_word' id='word_1_128' title='bbox 1222 1725 1441 1767; x_wconf 84' lang='lat' dir='ltr'>formulae</span> <span class='ocrx_word' id='word_1_129' title='bbox 1489 1725 1639 1781; x_wconf 88' lang='lat' dir='ltr'>epicae</span> <span class='ocrx_word' id='word_1_130' title='bbox 1678 1726 1724 1768; x_wconf 91' lang='lat' dir='ltr'>in</span> 
     </span>
     <span class='ocr_line' id='line_1_19' title="bbox 281 1799 1278 1856; baseline 0.003 -16"><span class='ocrx_word' id='word_1_131' title='bbox 281 1799 468 1841; x_wconf 87' lang='lat' dir='ltr'>Pindari</span> <span class='ocrx_word' id='word_1_132' title='bbox 500 1799 768 1842; x_wconf 81' lang='lat' dir='ltr'>carminibus</span> <span class='ocrx_word' id='word_1_133' title='bbox 801 1802 1017 1856; x_wconf 85' lang='lat' dir='ltr'>quantum</span> <span class='ocrx_word' id='word_1_134' title='bbox 1049 1801 1137 1843; x_wconf 90' lang='lat' dir='ltr'>scio</span> <span class='ocrx_word' id='word_1_135' title='bbox 1169 1801 1278 1844; x_wconf 85' lang='lat' dir='ltr'>hae:</span> 
     </span>
    </p>
   </div>
   <div class='ocr_carea' id='block_1_5' title="bbox 281 1887 1722 1947">
    <p class='ocr_par' dir='ltr' id='par_1_5' title="bbox 281 1887 1722 1947">
     <span class='ocr_line' id='line_1_20' title="bbox 281 1887 1722 1947; baseline 0.003 -18"><span class='ocrx_word' id='word_1_136' title='bbox 281 1891 436 1936; x_wconf 67' lang='grc' dir='ltr'><em>πολιᾶς</em></span> <span class='ocrx_word' id='word_1_137' title='bbox 467 1887 572 1937; x_wconf 68' lang='grc' dir='ltr'><strong><em>ἁλός</em></strong></span> <span class='ocrx_word' id='word_1_138' title='bbox 593 1888 646 1943; x_wconf 83' lang='lat' dir='ltr'>(O</span> <span class='ocrx_word' id='word_1_139' title='bbox 669 1888 693 1930; x_wconf 83' lang='lat'>1</span> <span class='ocrx_word' id='word_1_140' title='bbox 714 1889 781 1941; x_wconf 83' lang='lat'>71,</span> <span class='ocrx_word' id='word_1_141' title='bbox 816 1888 850 1929; x_wconf 89' lang='lat' dir='ltr'>P</span> <span class='ocrx_word' id='word_1_142' title='bbox 872 1889 1010 1942; x_wconf 78' lang='lat'>1168,</span> <span class='ocrx_word' id='word_1_143' title='bbox 1042 1889 1073 1932; x_wconf 79' lang='lat' dir='ltr'><strong>J</strong></span> <span class='ocrx_word' id='word_1_144' title='bbox 1096 1890 1186 1944; x_wconf 80' lang='lat' dir='ltr'>(in</span> <span class='ocrx_word' id='word_1_145' title='bbox 1210 1891 1373 1945; x_wconf 79' lang='lat' dir='ltr'>74)1V</span> <span class='ocrx_word' id='word_1_146' title='bbox 1395 1891 1467 1947; x_wconf 79' lang='grc'>56)</span> <span class='ocrx_word' id='word_1_147' title='bbox 1502 1912 1551 1926; x_wconf 82' lang='lat'><strong><em>=</em></strong></span> <span class='ocrx_word' id='word_1_148' title='bbox 1576 1908 1606 1945; x_wconf 83' lang='grc' dir='ltr'>μ</span> <span class='ocrx_word' id='word_1_149' title='bbox 1641 1892 1722 1934; x_wconf 83' lang='lat'>180</span> 
     </span>
    </p>
   </div>
   <div class='ocr_carea' id='block_1_6' title="bbox 280 1964 1748 2736">
    <p class='ocr_par' dir='ltr' id='par_1_6' title="bbox 281 1964 1723 2097">
     <span class='ocr_line' id='line_1_21' title="bbox 281 1964 1723 2021; baseline 0.004 -16"><span class='ocrx_word' id='word_1_150' title='bbox 281 1965 397 2018; x_wconf 77' lang='grc' dir='ltr'>ἅρμα</span> <span class='ocrx_word' id='word_1_151' title='bbox 427 1967 542 2006; x_wconf 79' lang='grc' dir='ltr'><em>θοόν</em></span> <span class='ocrx_word' id='word_1_152' title='bbox 573 1964 626 2021; x_wconf 87' lang='lat' dir='ltr'>(O</span> <span class='ocrx_word' id='word_1_153' title='bbox 659 1965 681 2006; x_wconf 89' lang='lat' dir='ltr'>I</span> <span class='ocrx_word' id='word_1_154' title='bbox 714 1965 808 2018; x_wconf 92' lang='grc'><strong>110,</strong></span> <span class='ocrx_word' id='word_1_155' title='bbox 841 1965 962 2008; x_wconf 86' lang='lat' dir='ltr'>VIII</span> <span class='ocrx_word' id='word_1_156' title='bbox 992 1966 1065 2021; x_wconf 81' lang='lat'>49)</span> <span class='ocrx_word' id='word_1_157' title='bbox 1501 1989 1551 2003; x_wconf 71' lang='lat'>:-</span> <span class='ocrx_word' id='word_1_158' title='bbox 1579 1971 1617 2009; x_wconf 93' lang='lat' dir='ltr'><em>P</em></span> <span class='ocrx_word' id='word_1_159' title='bbox 1638 1969 1723 2012; x_wconf 82' lang='lat'>458</span> 
     </span>
     <span class='ocr_line' id='line_1_22' title="bbox 281 2041 1465 2097; baseline 0.003 -15"><span class='ocrx_word' id='word_1_160' title='bbox 281 2042 370 2082; x_wconf 81' lang='grc' dir='ltr'>θοὰ</span> <span class='ocrx_word' id='word_1_161' title='bbox 400 2049 510 2091; x_wconf 83' lang='grc' dir='ltr'><strong><em>ναῦς</em></strong></span> <span class='ocrx_word' id='word_1_162' title='bbox 541 2041 593 2097; x_wconf 88' lang='lat' dir='ltr'>(O</span> <span class='ocrx_word' id='word_1_163' title='bbox 626 2041 695 2084; x_wconf 86' lang='lat' dir='ltr'>VI</span> <span class='ocrx_word' id='word_1_164' title='bbox 730 2043 824 2096; x_wconf 86' lang='grc'><strong>101,</strong></span> <span class='ocrx_word' id='word_1_165' title='bbox 857 2043 954 2084; x_wconf 89' lang='lat' dir='ltr'>XII</span> <span class='ocrx_word' id='word_1_166' title='bbox 985 2044 1024 2095; x_wconf 85' lang='lat'>3,</span> <span class='ocrx_word' id='word_1_167' title='bbox 1057 2043 1092 2084; x_wconf 90' lang='lat' dir='ltr'>P</span> <span class='ocrx_word' id='word_1_168' title='bbox 1125 2043 1167 2086; x_wconf 93' lang='lat' dir='ltr'>V</span> <span class='ocrx_word' id='word_1_169' title='bbox 1201 2045 1268 2096; x_wconf 84' lang='lat'>87,</span> <span class='ocrx_word' id='word_1_170' title='bbox 1302 2044 1342 2086; x_wconf 90' lang='lat' dir='ltr'>N</span> <span class='ocrx_word' id='word_1_171' title='bbox 1372 2044 1465 2087; x_wconf 88' lang='lat' dir='ltr'>VII</span> 
     </span>
    </p>

    <p class='ocr_par' dir='ltr' id='par_1_7' title="bbox 280 2119 1748 2329">
     <span class='ocr_line' id='line_1_23' title="bbox 557 2119 1748 2176; baseline 0.003 -16"><span class='ocrx_word' id='word_1_172' title='bbox 557 2119 625 2172; x_wconf 85' lang='grc'>28,</span> <span class='ocrx_word' id='word_1_173' title='bbox 658 2119 714 2161; x_wconf 81' lang='lat' dir='ltr'>fr.</span> <span class='ocrx_word' id='word_1_174' title='bbox 748 2119 848 2176; x_wconf 86' lang='grc'><strong>221)</strong></span> <span class='ocrx_word' id='word_1_175' title='bbox 1502 2142 1555 2157; x_wconf 88' lang='lat'><strong><em>=</em></strong></span> <span class='ocrx_word' id='word_1_176' title='bbox 1580 2122 1619 2169; x_wconf 80' lang='grc' dir='ltr'><strong><em>Ξ</em></strong></span> <span class='ocrx_word' id='word_1_177' title='bbox 1637 2123 1724 2164; x_wconf 84' lang='grc'><strong>410</strong></span> <span class='ocrx_word' id='word_1_178' title='bbox 1747 2130 1748 2133; x_wconf 76' lang='grc'>’</span> 
     </span>
     <span class='ocr_line' id='line_1_24' title="bbox 281 2195 1724 2253; baseline 0.003 -16"><span class='ocrx_word' id='word_1_179' title='bbox 281 2196 462 2251; x_wconf 76' lang='grc' dir='ltr'><em>χάλκεος</em></span> <span class='ocrx_word' id='word_1_180' title='bbox 485 2195 614 2250; x_wconf 74' lang='grc' dir='ltr'>Ἄρης</span> <span class='ocrx_word' id='word_1_181' title='bbox 644 2195 697 2251; x_wconf 90' lang='lat' dir='ltr'>(O</span> <span class='ocrx_word' id='word_1_182' title='bbox 728 2197 773 2238; x_wconf 92' lang='lat' dir='ltr'>X</span> <span class='ocrx_word' id='word_1_183' title='bbox 807 2198 870 2250; x_wconf 82' lang='lat'>15,</span> <span class='ocrx_word' id='word_1_184' title='bbox 904 2197 935 2239; x_wconf 80' lang='lat' dir='ltr'><strong>J</strong></span> <span class='ocrx_word' id='word_1_185' title='bbox 968 2197 1058 2252; x_wconf 81' lang='lat' dir='ltr'>(III</span> <span class='ocrx_word' id='word_1_186' title='bbox 1089 2198 1161 2252; x_wconf 74' lang='lat'>33)</span> <span class='ocrx_word' id='word_1_187' title='bbox 1194 2198 1263 2241; x_wconf 88' lang='lat' dir='ltr'>IV</span> <span class='ocrx_word' id='word_1_188' title='bbox 1297 2199 1366 2253; x_wconf 84' lang='lat'>15)</span> <span class='ocrx_word' id='word_1_189' title='bbox 1505 2219 1556 2235; x_wconf 85' lang='lat'>=</span> <span class='ocrx_word' id='word_1_190' title='bbox 1579 2203 1620 2241; x_wconf 88' lang='lat' dir='ltr'><em>E</em></span> <span class='ocrx_word' id='word_1_191' title='bbox 1641 2200 1724 2242; x_wconf 79' lang='lat'>704</span> 
     </span>
     <span class='ocr_line' id='line_1_25' title="bbox 280 2273 1720 2329; baseline 0.003 -15"><span class='ocrx_word' id='word_1_192' title='bbox 280 2273 461 2327; x_wconf 79' lang='grc' dir='ltr'><em>χάλκεος</em></span> <span class='ocrx_word' id='word_1_193' title='bbox 492 2273 682 2327; x_wconf 74' lang='grc' dir='ltr'><em>οὐρανός</em></span> <span class='ocrx_word' id='word_1_194' title='bbox 713 2273 766 2325; x_wconf 89' lang='lat' dir='ltr'>(P</span> <span class='ocrx_word' id='word_1_195' title='bbox 798 2273 842 2315; x_wconf 89' lang='lat' dir='ltr'>X</span> <span class='ocrx_word' id='word_1_196' title='bbox 873 2274 941 2326; x_wconf 85' lang='grc'>27,</span> <span class='ocrx_word' id='word_1_197' title='bbox 976 2274 1016 2316; x_wconf 87' lang='grc' dir='ltr'>Ν</span> <span class='ocrx_word' id='word_1_198' title='bbox 1049 2274 1118 2317; x_wconf 88' lang='lat' dir='ltr'>VI</span> <span class='ocrx_word' id='word_1_199' title='bbox 1148 2275 1192 2329; x_wconf 83' lang='lat'>4)</span> <span class='ocrx_word' id='word_1_200' title='bbox 1499 2296 1552 2312; x_wconf 84' lang='lat'>=</span> <span class='ocrx_word' id='word_1_201' title='bbox 1577 2277 1720 2319; x_wconf 79' lang='lat' dir='ltr'>P425.</span> 
     </span>
    </p>

    <p class='ocr_par' dir='ltr' id='par_1_8' title="bbox 398 2360 1062 2417">
     <span class='ocr_line' id='line_1_26' title="bbox 398 2360 1062 2417; baseline 0.003 -14"><span class='ocrx_word' id='word_1_202' title='bbox 398 2360 595 2417; x_wconf 88' lang='lat' dir='ltr'>Singulis</span> <span class='ocrx_word' id='word_1_203' title='bbox 629 2362 737 2405; x_wconf 88' lang='lat' dir='ltr'>locis</span> <span class='ocrx_word' id='word_1_204' title='bbox 770 2362 1062 2406; x_wconf 77' lang='lat' dir='ltr'>inveniuntur</span> 
     </span>
    </p>

    <p class='ocr_par' dir='ltr' id='par_1_9' title="bbox 280 2451 1527 2736">
     <span class='ocr_line' id='line_1_27' title="bbox 283 2451 588 2504; baseline 0.003 -12"><span class='ocrx_word' id='word_1_205' title='bbox 283 2451 563 2504; x_wconf 77' lang='lat' dir='ltr'>Olympiorum</span> <span class='ocrx_word' id='word_1_206' title='bbox 580 2467 588 2493; x_wconf 78' lang='lat' dir='ltr'><em>z</em></span> 
     </span>
     <span class='ocr_line' id='line_1_28' title="bbox 280 2527 1527 2582; baseline 0.004 -14"><span class='ocrx_word' id='word_1_207' title='bbox 280 2527 303 2568; x_wconf 89' lang='lat' dir='ltr'>I</span> <span class='ocrx_word' id='word_1_208' title='bbox 337 2527 359 2569; x_wconf 90' lang='grc'><strong>1</strong></span> <span class='ocrx_word' id='word_1_209' title='bbox 392 2529 636 2582; x_wconf 75' lang='grc' dir='ltr'><strong><em>αἰθόμενον</em></strong></span> <span class='ocrx_word' id='word_1_210' title='bbox 667 2535 755 2582; x_wconf 80' lang='grc' dir='ltr'>πῦρ</span> <span class='ocrx_word' id='word_1_211' title='bbox 1283 2551 1335 2566; x_wconf 72' lang='lat' dir='ltr'><strong><em>z</em></strong></span> <span class='ocrx_word' id='word_1_212' title='bbox 1369 2534 1416 2572; x_wconf 87' lang='lat' dir='ltr'><em>H</em></span> <span class='ocrx_word' id='word_1_213' title='bbox 1443 2531 1527 2573; x_wconf 83' lang='grc'>293</span> 
     </span>
     <span class='ocr_line' id='line_1_29' title="bbox 281 2602 1491 2659; baseline 0.003 -14"><span class='ocrx_word' id='word_1_214' title='bbox 281 2603 306 2645; x_wconf 85' lang='grc' dir='ltr'><strong>Ι</strong></span> <span class='ocrx_word' id='word_1_215' title='bbox 336 2604 364 2645; x_wconf 83' lang='grc'>4</span> <span class='ocrx_word' id='word_1_216' title='bbox 395 2608 530 2658; x_wconf 83' lang='grc' dir='ltr'><em>φίλον</em></span> <span class='ocrx_word' id='word_1_217' title='bbox 560 2602 666 2659; x_wconf 76' lang='grc' dir='ltr'><em>ἦτορ</em></span> <span class='ocrx_word' id='word_1_218' title='bbox 1287 2627 1338 2642; x_wconf 85' lang='lat'><strong><em>=</em></strong></span> <span class='ocrx_word' id='word_1_219' title='bbox 1375 2610 1414 2649; x_wconf 94' lang='grc' dir='ltr'>Γ</span> <span class='ocrx_word' id='word_1_220' title='bbox 1438 2608 1491 2650; x_wconf 82' lang='grc'><strong>31</strong></span> 
     </span>
     <span class='ocr_line' id='line_1_30' title="bbox 282 2680 1522 2736; baseline 0.004 -15"><span class='ocrx_word' id='word_1_221' title='bbox 282 2680 307 2722; x_wconf 90' lang='grc' dir='ltr'><strong>Ι</strong></span> <span class='ocrx_word' id='word_1_222' title='bbox 339 2680 394 2722; x_wconf 80' lang='grc'>76</span> <span class='ocrx_word' id='word_1_223' title='bbox 425 2682 551 2736; x_wconf 81' lang='grc' dir='ltr'><em>ἔγχος</em></span> <span class='ocrx_word' id='word_1_224' title='bbox 580 2683 766 2736; x_wconf 79' lang='grc' dir='ltr'><em>χάλκεον</em></span> <span class='ocrx_word' id='word_1_225' title='bbox 1285 2704 1337 2720; x_wconf 90' lang='lat'><strong><em>=</em></strong></span> <span class='ocrx_word' id='word_1_226' title='bbox 1370 2686 1411 2726; x_wconf 92' lang='grc' dir='ltr'><em>Γ</em></span> <span class='ocrx_word' id='word_1_227' title='bbox 1437 2685 1522 2727; x_wconf 88' lang='grc'><strong>317</strong></span> 
     </span>
    </p>
   </div>
   <div class='ocr_carea' id='block_1_7' title="bbox 283 2757 1513 2811">
    <p class='ocr_par' dir='ltr' id='par_1_10' title="bbox 283 2757 1513 2811">
     <span class='ocr_line' id='line_1_31' title="bbox 283 2757 1513 2811; baseline 0.004 -13"><span class='ocrx_word' id='word_1_228' title='bbox 283 2757 333 2798; x_wconf 86' lang='grc' dir='ltr'>ΙΙ</span> <span class='ocrx_word' id='word_1_229' title='bbox 365 2757 420 2799; x_wconf 88' lang='lat'>83</span> <span class='ocrx_word' id='word_1_230' title='bbox 451 2757 579 2811; x_wconf 80' lang='grc' dir='ltr'><em>βέλος</em></span> <span class='ocrx_word' id='word_1_231' title='bbox 611 2759 702 2800; x_wconf 85' lang='grc' dir='ltr'>ὠκύ</span> <span class='ocrx_word' id='word_1_232' title='bbox 1284 2781 1335 2797; x_wconf 86' lang='lat'><strong><em>=</em></strong></span> <span class='ocrx_word' id='word_1_233' title='bbox 1360 2765 1401 2803; x_wconf 88' lang='lat' dir='ltr'><em>E</em></span> <span class='ocrx_word' id='word_1_234' title='bbox 1430 2761 1513 2803; x_wconf 83' lang='lat'>112</span> 
     </span>
    </p>
   </div>
  </div>
 </body>
</html>
