2111 3303
1049 218 1075 260 6

342 335 489 373 καλῶν
521 332 652 373 εἰδῶν
682 331 708 384 ἢ
730 332 996 385 πλασμάτων
1017 331 1043 386 ἢ
1067 333 1463 387 δημιουργημοίτων
1486 333 1778 384 ἀποτύπωσις.

342 406 495 463 Atque
538 422 587 449 re
618 421 728 449 vera
757 407 875 450 viam
908 422 1037 464 quam
1080 408 1151 450 hic
1182 409 1394 465 proponit
1441 410 1635 466 scriptor
1679 410 1779 465 περὶ

342 484 486 533 ὕψους
516 483 744 539 ingressos
776 497 873 527 esse
904 487 1062 541 poetas
1096 484 1292 528 Graecos
1325 500 1450 529 nemo
1481 487 1647 542 nescit3
1693 487 1781 530 fuit

344 559 531 615 singulis
555 559 797 602 carminum
822 561 1058 615 generibus
1082 560 1273 603 elocutio
1307 562 1495 617 poetica,
1529 563 1650 605 cuius
1682 563 1780 606 fun—

343 636 554 678 damenta
583 635 690 679 iecit
706 636 939 691 Homerus,
973 637 1026 680 de
1048 637 1169 680 cuius
1194 637 1442 680 elocutione
1474 640 1528 681 ab
1561 654 1643 681 usu
1673 640 1779 682 coti-

344 712 474 755 diano
526 712 760 756 recedente
812 715 858 756 et
908 720 1009 756 arte
1060 714 1260 770 expolita
1310 714 1514 757 conferas
1567 715 1781 759 Wilamo—

343 789 544 831 witzium
561 788 603 845 1),
637 791 771 846 atque
798 789 879 832 illa
901 790 1150 834 elocutione
1171 791 1417 834 artificiosa
1436 791 1650 834 utendum
1681 797 1781 836 erat

342 867 528 922 poetae,
570 866 645 922 qui
686 866 811 909 urbis
845 881 949 910 suae
980 867 1088 910 fines
1122 867 1276 922 egredi
1308 867 1467 922 vellet;
1513 868 1665 925 itaque
1699 868 1782 912 Co-

343 942 475 984 rinna
517 942 694 998 quidem
732 943 928 986 carmina
975 958 1055 986 sua
1098 944 1281 1001 scripsit
1319 945 1536 988 Boeotica
1574 945 1779 999 dialecto,

343 1018 568 1062 Pindarus
601 1034 688 1062 non
718 1020 827 1062 item
840 1019 883 1076 ²).

460 1095 627 1139 Poetae
670 1096 813 1152 igitur
845 1097 1118 1140 recentiores
1163 1097 1329 1154 duplici
1372 1098 1548 1141 ratione
1592 1098 1782 1141 vinculis

343 1172 607 1216 traditionis
650 1173 855 1230 impediti
888 1176 1042 1226 erant,
1088 1189 1200 1231 quae
1243 1190 1317 1217 res
1347 1175 1698 1218 luculentissime
1737 1175 1784 1218 in

344 1250 614 1293 carminibus
638 1251 772 1307 epicis
794 1251 1069 1307 perspicitur
1102 1265 1199 1293 cum
1228 1252 1274 1293 in
1293 1251 1450 1294 Iliadis
1483 1254 1529 1294 et
1552 1252 1783 1308 Odysseae

343 1327 550 1383 partibus
582 1328 907 1370 recentioribus
954 1330 1049 1370 tum
1090 1329 1135 1371 in
1163 1328 1309 1385 poetis
1358 1329 1492 1385 epicis
1534 1332 1786 1385 temporum

344 1404 657 1458 recentiorum,
690 1404 848 1461 quibus
881 1405 919 1448 si
950 1420 1039 1447 non
1071 1405 1222 1448 eadem
1243 1406 1433 1448 materia
1464 1421 1594 1463 quam
1623 1409 1784 1463 poetae

345 1481 622 1538 antiquiores
655 1482 741 1523 iam
771 1484 1089 1525 tractaverant
1121 1483 1360 1526 excolenda
1391 1486 1504 1535 erat,
1552 1486 1601 1526 at
1633 1483 1785 1527 eodem

344 1573 481 1602 versu
513 1559 724 1601 utendum
769 1562 871 1602 erat
911 1562 956 1601 et
1000 1559 1153 1602 eadem
1183 1559 1456 1613 elocutione,
1498 1566 1633 1616 atque
1674 1560 1783 1603 adeo

344 1649 433 1677 una
464 1638 534 1678 est
566 1636 645 1677 illa
677 1636 920 1678 carminum
952 1636 1176 1692 epicorum
1207 1636 1417 1690 elocutio,
1462 1641 1513 1680 ut
1553 1637 1630 1680 Vix
1672 1653 1786 1680 unus

345 1711 521 1754 alterve
551 1737 606 1742 —-
638 1711 909 1768 Cypriorum
939 1718 1117 1768 poetam
1149 1712 1243 1755 dico
1277 1715 1356 1755 aut
1384 1712 1699 1756 Antimachum
1729 1739 1787 1744 —

345 1788 427 1831 hac
474 1789 519 1830 in
562 1804 611 1831 re
655 1789 775 1831 inter
808 1791 981 1832 ceteros
1027 1789 1230 1832 emineat.
1293 1790 1362 1832 Ne
1401 1789 1556 1846 plura,
1601 1789 1788 1833 Hesiodi

347 1865 538 1908 elocutio
584 1866 800 1922 quomodo
849 1866 1044 1922 pendeat
1086 1867 1141 1909 ab
1181 1866 1421 1909 Homerica
1460 1882 1577 1909 nunc
1622 1867 1787 1924 optime

347 1942 629 1985 demonstrat
669 1942 806 1985 editio
839 1943 1026 1986 Rzachii
1066 1948 1201 1998 atque
1242 1943 1289 1984 in
1328 1942 1508 1998 hymnis
1540 1944 1787 1986 Homericis

347 2020 393 2061 in
425 2019 659 2076 Apollines
693 2022 738 2062 et
769 2020 1039 2062 Mercurium
1071 2019 1390 2076 Eberhardii3)
1423 2019 1699 2076 diligentiae,
1742 2020 1788 2063 in

346 2096 513 2152 hymno
545 2098 590 2139 in
621 2097 843 2140 Venerem
874 2097 1101 2140 Truebero
1115 2097 1172 2152 4),
1213 2097 1260 2139 in
1289 2097 1455 2152 hymno
1500 2098 1547 2139 in
1578 2097 1787 2140 Cererem

348 2173 611 2216 Buecheleri
634 2174 820 2216 editioni
843 2174 1048 2216 debemus
1071 2173 1187 2230 quod
1218 2189 1289 2216 res
1313 2173 1528 2230 quomodo
1559 2188 1605 2217 se
1625 2174 1789 2217 habeat

348 2250 645 2307 intellegitur.
709 2250 832 2303 Quae
876 2266 971 2293 cum
1007 2251 1074 2293 ita
1115 2251 1226 2303 sint,
1271 2250 1367 2293 iure
1400 2250 1487 2292 viri
1519 2250 1639 2294 docti
1669 2250 1788 2294 locu-

349 2328 493 2370 tiones
527 2329 580 2370 ab
613 2343 695 2370 usu
726 2328 960 2370 Homerico
994 2327 1253 2370 recedentes
1286 2327 1530 2370 mutavisse
1563 2327 1786 2381 videntur,

350 2405 467 2447 sicut
484 2404 712 2447 Nauckius
746 2409 791 2447 et
809 2405 1183 2448 Wilamowitzius
1198 2404 1230 2458 5)
1262 2404 1308 2446 in
1324 2404 1644 2461 Melampodiae
1666 2404 1787 2460 frag—

448 2526 483 2570 1)
509 2525 610 2559 Hom.
640 2526 781 2560 Unters.
810 2537 841 2569 p.
870 2527 937 2559 292
964 2530 999 2559 et
1026 2527 1104 2559 406.

445 2594 482 2636 2)
511 2592 650 2625 Monuit
677 2592 854 2626 Chrisrius
882 2592 985 2636 Bayr.
1016 2591 1165 2625 Sitzber.
1196 2593 1281 2625 1391
1311 2602 1343 2634 p.
1371 2592 1425 2624 62.

446 2661 481 2702 3)
509 2659 631 2701 Progr.
662 2659 798 2692 llusum
828 2660 966 2702 1373s4.

446 2726 482 2767 4)
510 2725 602 2759 Diss.
632 2725 754 2769 philol.
783 2725 862 2758 Hal.
892 2725 957 2759 vol.
989 2724 1050 2758 XV
1079 2734 1164 2767 pars
1192 2725 1225 2757 ΙΙ
1252 2726 1387 2769 (1903).

447 2794 482 2834 5)
508 2792 608 2826 Hom.
637 2793 848 2826 {intersum-11.
878 2803 910 2835 p.
942 2794 1006 2825 173
1034 2790 1113 2825 adn.
1142 2794 1196 2826 22.
