2111 3303
1024 193 1078 233 56

337 323 447 365 quae
488 308 627 364 ipsius
667 307 853 364 propria
894 309 1065 359 essent,
1113 307 1158 348 in
1199 307 1344 363 capite
1387 307 1503 363 quod
1541 306 1770 363 praecedit

337 384 573 428 ostendere
613 385 798 426 conatus
841 398 945 425 sum.
1005 382 1157 438 Atque
1203 382 1246 423 in
1289 382 1544 424 universum
1585 383 1639 425 de
1670 382 1771 424 Pin-

336 461 436 503 dari
473 463 573 503 arte
617 462 663 502 et
702 459 880 515 ingenio
923 474 976 501 ex
1019 458 1115 501 sola
1146 458 1392 501 elocutione
1424 459 1620 501 iudicare
1651 474 1770 500 num-

337 551 466 594 quam
497 536 652 579 licebit
684 550 823 592 neque
856 551 909 577 ex
941 535 1137 591 epiniciis
1172 535 1290 588 solis,
1326 536 1370 576 in
1402 550 1511 591 quae
1534 535 1770 591 quadrant,
1826 560 1829 562 -

338 627 450 669 quae
483 612 713 655 Croisetus
739 611 769 667 1)
812 611 865 655 (le
907 611 1092 654 Pindari
1124 611 1268 654 animo
1301 626 1327 653 a
1358 611 1771 666 perturbationibus

339 690 482 732 libero
533 703 769 745 veramque
812 688 1003 730 indolem
1047 690 1230 744 tegente
1272 688 1412 745 magis
1457 703 1585 744 quam
1632 687 1773 730 decla-

338 769 470 809 rante
511 769 590 808 aut
629 765 937 809 Schwartzius
959 765 988 820 )
1029 765 1081 807 de
1115 765 1300 807 Pindari
1330 765 1506 820 ingenio
1548 765 1665 821 quod
1709 765 1774 806 ni-

337 844 468 885 tatur
500 857 606 885 vero
637 842 890 884 nobilitatis
923 857 1053 885 sensu
1086 841 1249 897 optime
1273 841 1495 884 dixerunt.
1544 840 1629 884 Sed
1661 840 1775 883 male

337 919 563 962 nobiscum
584 922 731 962 actum
763 925 844 970 est,
878 918 994 975 quod
1024 919 1212 974 epinicia
1243 918 1339 961 sola
1360 918 1535 961 saecula
1555 918 1773 970 tulerunt,

339 997 384 1038 in
415 996 572 1053 quibus
603 1000 764 1052 poetae
802 995 972 1038 indoles
1017 996 1103 1038 nisi
1148 1010 1252 1038 raro
1299 1021 1354 1025 —
1396 1011 1429 1036 e.
1471 1010 1539 1050 gr.
1585 1011 1678 1037 cum
1723 995 1775 1036 de

339 1073 533 1116 Herculo
567 1072 764 1115 disserat
795 1072 837 1115 N
868 1072 891 1113 l
922 1074 1001 1114 aut
1033 1072 1086 1114 de
1117 1072 1255 1114 Aiace
1301 1073 1354 1114 ab
1387 1071 1519 1114 Ulixe
1563 1073 1774 1127 superato

338 1150 382 1191 N
413 1149 507 1192 VH
540 1151 587 1192 et
621 1149 735 1191 VIII
775 1175 828 1179 —
867 1164 956 1191 non
987 1149 1156 1201 elucet,
1198 1149 1397 1204 quamvis
1439 1148 1558 1191 dicat
1590 1148 1625 1191 Ο
1657 1147 1777 1190 XIII

340 1227 419 1268 13:
462 1228 629 1281 ἄμαχον
662 1227 708 1268 δὲ
740 1227 902 1278 κρύψαι
934 1227 981 1268 τὸ
1014 1224 1224 1279 συγγενὲς
1256 1223 1378 1279 ἦθος.
1439 1225 1553 1266 Nam
1587 1225 1701 1267 sicut
1732 1225 1777 1266 in

339 1303 588 1346 elocutione
619 1302 924 1359 grammaticis
957 1302 1152 1358 antiquis
1186 1302 1406 1344 Pindarus
1449 1304 1656 1344 austerae
1689 1301 1777 1344 elo-

339 1381 530 1423 cutionis
563 1379 810 1436 exemplum
856 1379 964 1433 fuit,
1011 1379 1062 1422 de
1108 1394 1194 1435 qua
1233 1381 1343 1421 bene
1374 1378 1620 1433 Dionysius
1654 1377 1778 1420 Hali-

341 1457 643 1500 carnassensis
658 1456 689 1511 3)
723 1456 832 1499 dicit
862 1458 939 1499 τὸν
976 1457 1218 1512 άρχαισμὸν
1250 1455 1320 1497 καὶ
1352 1457 1430 1498 τὸν
1461 1459 1593 1498 πίνον
1619 1457 1778 1510 ἔχουσα

339 1535 522 1587 κάλλος,
576 1534 651 1576 sed
704 1533 900 1590 exceptis
951 1533 1175 1575 nonnullis
1235 1533 1475 1575 carminum
1526 1532 1776 1588 generibus,

341 1611 458 1667 quod
492 1610 619 1652 addit
650 1610 896 1666 Dionysius
929 1609 957 1651 l.
991 1610 1041 1651 l.:
1089 1608 1219 1664 χωρὶς
1252 1609 1316 1650 ὅτι
1348 1611 1405 1663 μὴ
1440 1611 1491 1650 τὰ
1522 1609 1777 1661 Παρθένεια

342 1687 413 1729 καὶ
445 1691 489 1729 εἰ
514 1704 612 1729 τινα
642 1689 815 1736 τούτοις
847 1686 999 1741 ὁμοίας
1030 1686 1204 1728 ἀπαιτεῖ
1223 1687 1510 1740 παρασκευάς,
1543 1686 1611 1728 ita
1643 1686 1777 1728 etiam

341 1764 459 1821 quod
491 1764 546 1806 ad
579 1764 825 1807 sententias
859 1766 905 1806 et
926 1763 1125 1806 universi
1147 1763 1353 1805 carminis
1386 1763 1576 1806 colorem
1610 1762 1778 1805 attinet

341 1843 396 1885 ab
428 1841 628 1898 epiniciis
663 1844 760 1883 toto
793 1841 913 1883 caelo
945 1840 1119 1883 distant
1156 1841 1353 1882 carmina
1395 1840 1544 1896 qualia
1586 1845 1689 1882 sunt
1719 1840 1778 1882 fr.

343 1919 438 1971 105,
472 1918 588 1975 quod
620 1918 675 1960 ad
706 1917 917 1961 Hieronis
949 1933 1107 1959 nomen
1138 1918 1301 1960 festive
1333 1917 1508 1969 alludit,
1548 1920 1627 1959 aut
1657 1916 1779 1973 frag-

341 1998 492 2038 menta
541 1995 840 2052 pulcherrima
903 1995 1055 2049 12314,
1109 2009 1219 2051 quae
1285 1998 1463 2051 poetam
1524 1994 1779 2044 ostendunt,

343 2073 486 2129 qualis
534 2073 596 2115 eis
637 2072 713 2129 qui
743 2072 987 2115 Pindarum
1029 2087 1082 2113 ex
1124 2071 1322 2128 epiniciis
1362 2071 1514 2128 paucis
1556 2071 1781 2126 cognitum

344 2151 538 2192 habeant
571 2150 665 2191 sine
698 2149 829 2191 dubio
852 2165 993 2191 novus
1026 2149 1115 2191 erit
1149 2157 1194 2192 et
1217 2149 1313 2191 veri
1343 2164 1431 2191 non
1454 2148 1624 2190 similis.
1673 2148 1780 2190 Par-

343 2227 497 2270 thenia
528 2229 700 2280 autem,
745 2241 857 2282 quae
891 2226 1114 2282 expressis
1147 2226 1295 2268 verbis
1332 2225 1490 2267 laudat
1524 2225 1779 2281 Dionysius,

344 2303 545 2360 quamvis
590 2304 646 2346 ad
685 2303 763 2345 illa
796 2303 990 2345 carmina
1022 2303 1162 2345 multo
1193 2303 1377 2359 propius
1410 2302 1621 2344 accedant
1653 2316 1782 2358 quam

344 2380 400 2423 ad
433 2380 632 2436 epinicia,
667 2395 693 2422 a
723 2380 880 2437 quibus
904 2380 1151 2422 abhorrent
1181 2379 1236 2420 fr.
1258 2379 1390 2432 104b‚
1423 2378 1637 2421 festivum
1668 2378 1782 2420 illud

345 2461 392 2500 et
434 2457 640 2514 lepidum,
689 2459 736 2500 et
776 2457 1003 2513 parthenii
1035 2458 1336 2512 fragmentum
1367 2470 1507 2512 nuper
1539 2458 1781 2512 repertum,

444 2637 477 2675 1)
505 2635 544 2668 L.
572 2634 594 2668 l.
626 2645 658 2677 p.
686 2636 754 2668 379
782 2639 817 2668 et
843 2636 920 2668 445.

441 2703 477 2742 2)
504 2701 653 2735 Hermes
681 2703 724 2735 34
751 2712 783 2744 p.
812 2702 891 2735 465.

440 2770 476 2810 3)
504 2767 557 2801 I)e
584 2767 842 2810 compositione
870 2767 1058 2802 verborum
1085 2766 1137 2801 ed.
1166 2767 1345 2801 [Tsenerus
1372 2778 1404 2810 p.
1432 2768 1535 2807 93,4.
