2111 3303
1032 220 1087 261 20

344 335 389 376 in
421 334 503 376 hoc
547 333 846 389 epithetorum
892 348 987 375 cum
1028 332 1211 375 floribus
1252 333 1596 389 compositorum
1637 349 1787 377 amore

345 426 442 453 cum
474 410 617 466 poetis
651 409 847 451 Lesbicis
889 409 1167 461 consentire,
1220 409 1293 465 qui
1337 413 1610 467 quantopere
1653 411 1786 454 flores

346 489 392 529 et
425 501 552 528 voces
586 500 697 542 quae
728 485 829 528 inde
862 485 1077 540 originem
1101 488 1343 528 traxerunt
1365 485 1606 530 dilexerint
1628 486 1789 530 docent

345 563 585 605 carminum
613 562 850 618 reliquiae,
893 562 1110 618 imprimis
1143 561 1256 604 illud
1287 562 1573 619 Sapphicum:
1621 564 1674 605 οὐ
1705 565 1787 617 γὰρ
1826 558 1829 560 ’

345 639 530 694 πεδέχῃς
560 640 736 693 βρόδων
766 647 854 681 τῶν
885 638 931 680 ἐκ
963 641 1158 693 Πιερίας.

470 716 610 758 Voces
657 729 767 771 quae
814 718 1053 758 occurrunt
1097 714 1130 755 P
1160 715 1230 757 IV
1263 716 1363 770 17s8
1407 716 1570 765 ἵππους
1599 717 1712 766 θοάς
1742 722 1786 760 et

345 794 535 847 δίφρους
565 791 836 841 ἀελλόποδας
860 792 1043 834 collatis
1096 792 1334 845 similibus,
1382 806 1494 848 quae
1540 793 1656 850 apud
1685 793 1789 836 Pin-

344 870 501 912 darum
533 871 579 911 et
609 868 924 923 Bacchylidem
955 868 1267 920 inveniuntur,
1300 871 1469 924 quanta
1499 872 1599 912 arte
1631 876 1789 926 poetae

352 946 431 988 has
464 961 618 998 voces,
662 946 818 1001 quibus
850 945 1066 1001 imprimis
1100 945 1162 988 eis
1195 960 1302 1001 opus
1336 948 1448 998 erat,
1492 948 1538 989 et
1583 947 1787 990 variave-

349 1022 444 1064 rint
476 1025 521 1065 et
554 1022 704 1074 simul,
752 1036 882 1078 quam
925 1021 1056 1064 liberi
1100 1022 1190 1065 sint
1233 1022 1456 1065 interdum
1497 1024 1550 1065 ab
1592 1023 1789 1081 exemplo

347 1099 482 1156 epico,
513 1099 766 1141 luculenter
798 1099 1121 1141 demonstrant.

462 1176 671 1227 Homero,
704 1175 826 1218 cuius
860 1175 1061 1231 epitheta
1093 1176 1362 1218 commodum
1389 1176 1434 1218 in
1455 1191 1581 1219 usum
1601 1179 1792 1234 praebet

347 1252 702 1309 Meylan-Faure
747 1252 774 1293 l.
806 1252 855 1305 l.,
914 1252 1015 1308 equi
1056 1255 1161 1294 sunt
1207 1253 1485 1307 ἀερσίποδες,
1536 1254 1787 1309 ποδάρκεες,

346 1332 488 1383 ὥκεες,
521 1330 758 1382 ὠκύποδες,
791 1328 1022 1382 ὠκυπέται,
1045 1330 1183 1378 πόδας
1207 1333 1362 1379 αἰόλοι,
1394 1334 1534 1372 θείειν
1557 1330 1786 1384 ἀνέμοισιν

349 1407 494 1460 ὁμοῖοι
527 1406 717 1451 (accedit
748 1407 862 1459 ἅρμα
894 1408 1049 1459 θοόν),
1095 1408 1149 1448 ut
1189 1406 1390 1461 epitheta
1421 1406 1478 1449 ad
1510 1407 1790 1451 celeritatem

348 1483 625 1540 pertinentia
656 1483 961 1539 proferamus;
1003 1498 1103 1526 nam
1134 1482 1180 1525 in
1211 1483 1446 1526 celeritate
1478 1484 1626 1527 virtus
1659 1499 1788 1542 equo-

349 1575 449 1603 rum
495 1575 520 1603 a
563 1559 834 1615 Bacchylidc
878 1563 923 1602 et
955 1559 1149 1602 Pindaro
1194 1561 1593 1616 praedicandorum
1636 1562 1788 1618 posita

345 1643 439 1691 est,
488 1651 592 1679 raro
640 1637 730 1679 alia
769 1636 971 1693 epitheta
1012 1639 1254 1679 occurrunt
1295 1637 1410 1680 sicut
1439 1638 1785 1694 Bacchylideum

349 1714 391 1756 V
423 1714 477 1755 37
518 1713 759 1767 Φερένικον
801 1714 1091 1769 ξανθότριχα,
1141 1713 1209 1756 cui
1254 1715 1408 1757 subest
1450 1714 1616 1757 locutio
1663 1715 1786 1771 epica

346 1794 620 1846 καλλίτριχες
660 1791 810 1842 ἵπποι,
859 1794 937 1832 aut
980 1790 1098 1846 apud
1140 1790 1405 1843 Pindarum,
1454 1791 1529 1847 qui
1560 1792 1596 1835 O
1629 1792 1699 1834 IX
1730 1793 1784 1834 23

346 1881 505 1923 equum
536 1867 729 1920 ἀγάνορα
759 1866 880 1918 dicit,
915 1867 1032 1909 sicut
1056 1867 1249 1910 Homero
1281 1867 1420 1910 leonis
1443 1870 1588 1922 θυμὸς
1610 1869 1784 1923 ἀγήνωρ

345 1947 416 1986 est
447 1943 491 1985 M
523 1944 606 1985 300
652 1946 699 1985 et
730 1944 831 2000 equi
862 1947 1060 1999 μήστωρε
1102 1946 1263 1999 φόβοιο
1307 1944 1515 1987 dicuntur
1557 1948 1603 1988 et
1643 1948 1787 2001 φόβον

334 2020 484 2073 ’Ἀρεος
523 2020 786 2075 φορέουσαι,
836 2020 872 2063 Ο
905 2021 971 2064 VI
1005 2021 1059 2062 14
1091 2035 1225 2078 equas
1268 2023 1480 2076 φαιδίμας
1522 2022 1630 2065 dicit
1671 2023 1787 2066 sicut

347 2098 539 2140 Homero
587 2100 692 2140 sunt
738 2098 838 2154 equi
884 2102 1075 2148 αἴθωνες
1119 2099 1174 2152 (Β
1206 2099 1330 2152 839),
1384 2098 1571 2156 denique
1614 2100 1648 2141 P
1680 2100 1727 2142 H
1759 2101 1786 2142 8

345 2174 480 2216 habet
512 2175 686 2224 πώλους
718 2178 1043 2228 ποικιλανίους,
1078 2190 1172 2217 cum
1204 2176 1397 2218 Homero
1429 2176 1529 2232 equi
1561 2177 1652 2219 sint
1683 2194 1784 2232 χρυ-

346 2252 580 2305 σάμπυκες,
616 2252 689 2307 qui
722 2252 844 2308 equis
878 2251 1103 2295 vehuntur
1134 2256 1377 2307 χρυσήνιοι.
1441 2253 1527 2307 Qui
1557 2254 1679 2310 equis
1713 2269 1784 2297 ve—

345 2328 513 2370 huntur
545 2328 633 2370 viri
664 2331 710 2371 et
751 2344 879 2385 reges
912 2329 1105 2371 Homero
1146 2332 1275 2372 sunt:
1323 2332 1609 2384 αίολόπωλοι,
1655 2332 1783 2385 ἱππη-

346 2405 475 2457 λάτα,
508 2406 823 2460 ἱππιοχάρμης,
857 2406 1125 2460 ἱππόδαμοι,
1158 2407 1497 2460 ἱπποκορύστης,
1530 2408 1783 2462 ἱππόμαχοι,

347 2483 609 2535 ἱππόπολοι,
653 2483 825 2534 ἱππότα,
867 2482 1070 2536 κέντορες
1101 2483 1262 2537 ἵππων,
1297 2483 1555 2538 πλήξιππος,
1586 2485 1781 2539 ταχύπω-

346 2561 438 2612 λοι;
472 2558 657 2614 denique
690 2558 799 2601 Ilios
833 2562 902 2601 est
933 2560 1153 2611 εὔπωλος,
1190 2560 1339 2615 Argos
1374 2561 1624 2614 ἱππόβοτος.

346 2726 434 2766 6423
461 2728 543 2757 sunt
569 2725 650 2758 XVI
678 2727 722 2758 95
748 2726 865 2768 λείρια
893 2724 1037 2769 ὄμματα
1065 2725 1158 2759 oculi
1177 2726 1333 2760 lacrimis
1353 2725 1594 2769 splendentes,
1622 2731 1782 2761 nostrum

348 2790 477 2832 „blank
505 2801 571 2824 von
599 2791 775 2826 Traiicn“.
