2111 3303
1015 203 1067 243 21

444 320 539 373 Quo
571 318 714 362 indice
746 333 901 361 vocum
923 317 1272 367 Homericarum,
1306 311 1435 373 quam
1468 315 1670 358 consulto
1704 316 1767 356 in-

326 399 505 452 tegrum
535 395 607 438 hic
636 395 871 452 proposui,
917 397 1128 451 quantam
1160 393 1393 436 materiam
1425 393 1486 435 eis
1520 392 1594 449 qui
1627 391 1769 434 secuti

330 476 434 516 sunt
465 473 611 529 poetis
642 472 933 529 praebuerint
964 474 1125 528 poetae
1159 471 1270 526 epici
1300 470 1605 523 manifestum,
1639 483 1769 525 quam

329 554 477 594 tamen
511 550 783 593 occasionem
815 552 1086 606 spreverunt
1119 547 1339 589 Pindarus·
1384 552 1429 589 01
1459 546 1767 601 Bacchylides,

330 642 426 670 cum
458 642 604 669 omnes
636 627 716 669 has
748 641 878 668 voces
909 640 997 667 non
1031 625 1224 667 habeant
1254 624 1339 665 nisi
1375 623 1490 680 quod
1513 638 1617 666 raro
1640 638 1768 664 usur-

328 707 440 761 pant
473 705 714 758 ἱππόβοτον
735 703 890 758 ’Άργος
921 701 1098 758 (Bacch.
1130 702 1173 743 X
1204 701 1298 755 80),
1345 702 1592 755 ἱππόδαμος
1624 699 1768 756 (Pind.

330 781 371 823 N
403 781 469 823 IV
500 781 567 834 29,
610 780 667 822 fr.
702 781 821 835 183),
867 781 1044 822 ἱππόται
1078 779 1129 834 (P
1160 778 1229 820 IV
1263 778 1362 832 153)
1408 778 1684 831 ἱπποχάρμας
1715 776 1769 831 (O

328 858 353 900 Ι
384 858 455 914 23)
487 857 734 908 πλάξιππος
764 857 817 912 (O
841 857 907 899 VI
929 857 997 909 85,
1030 856 1059 898 ,J
1092 856 1138 897 11
1174 856 1242 908 21,
1277 855 1431 897 Bacch.
1467 855 1509 897 V
1541 854 1612 908 97)
1659 854 1769 896 ὠκύ-

331 937 465 985 ποδες
508 934 651 991 (Pind.
694 934 907 977 Parthen.
958 934 1014 975 fr.
1062 934 1166 975 novi
1216 959 1271 962 —
1319 931 1514 988 Oxyrrh.
1560 931 1667 987 Pap.
1702 931 1769 972 IV

328 1012 413 1055 No.
446 1012 529 1054 659
561 1037 615 1042 —
648 1027 688 1054 V.
722 1012 798 1063 56,
845 1010 1002 1054 Bacch.
1035 1011 1100 1051 IV
1135 1010 1177 1065 6)
1192 1010 1235 1064 1).
1297 1009 1428 1052 Haud
1471 1024 1574 1051 raro
1626 1008 1772 1050 varia-

329 1091 495 1132 verunt
539 1091 700 1145 poetae
741 1088 988 1145 exemplum
1030 1088 1220 1145 epicum,
1276 1088 1320 1128 in
1365 1086 1509 1129 loc-um
1550 1084 1771 1127 formulae

330 1166 479 1222 epicae
520 1168 649 1215 ὥκεες
688 1167 814 1207 ἵπποι
848 1165 1083 1208 succedere
1126 1166 1238 1213 θοὰς
1278 1165 1440 1213 ἵππους
1483 1178 1617 1219 supra
1662 1162 1772 1204 dixi-

330 1259 449 1297 mus,
496 1242 630 1286 simili
660 1243 837 1285 ratione
869 1244 1150 1296 ὃαμάσιππος
1181 1241 1339 1284 Bacch.
1374 1241 1447 1282 111
1479 1241 1533 1282 23
1568 1239 1773 1296 sequitur

331 1321 500 1377 epicum
534 1321 793 1374 ἱππόδαμος,
826 1321 1099 1374 ἱππότροφος
1131 1319 1304 1375 (Bacch.
1328 1319 1371 1360 X
1394 1319 1485 1370 114,
1523 1317 1644 1358 Pind.
1670 1316 1711 1358 N
1730 1316 1774 1358 X

330 1397 385 1439 41
420 1399 555 1453 saep.)
590 1411 739 1439 vocem
770 1396 936 1452 epicam
969 1397 1219 1449 ἱππόβοτος,
1261 1410 1358 1437 011111
1390 1410 1475 1454 vox
1507 1394 1629 1450 epica
1662 1407 1773 1450 quae

330 1476 401 1517 est
448 1474 668 1528 ἱππηλάτα
697 1473 862 1516 leniter
906 1473 1086 1515 variata
1119 1472 1278 1515 redeat
1310 1473 1528 1520 ἱπποσόας
1560 1470 1704 1526 (Pind.
1739 1471 1774 1511 P

329 1550 380 1592 Π
403 1551 456 1592 65
481 1550 617 1607 saep)
649 1554 695 1592 01
728 1551 919 1592 ἱπποσόα
951 1550 1023 1605 (fr.
1049 1550 1144 1601 107,
1167 1551 1192 1590 7
1224 1549 1352 1591 Pind.
1386 1563 1440 1591 ex
1465 1547 1774 1591 emendatione

329 1627 558 1683 Bergkii),
607 1627 816 1670 audacius
859 1630 904 1670 01
943 1629 1120 1669 mutata
1163 1629 1209 1669 01
1250 1626 1522 1682 amplificata
1571 1626 1651 1667 fiat
1697 1625 1770 1681 (fr.

328 1703 456 1746 Pind.
490 1704 563 1756 89)
604 1708 720 1745 θοᾶν
751 1704 898 1745 ἵππων
931 1703 1151 1756 ἐλάτειρα,
1196 1702 1312 1745 siout
1344 1701 1564 1744 Pindarus
1598 1702 1632 1743 P
1665 1701 1716 1743 Π
1747 1701 1772 1742 2

333 1780 582 1836 Syracusas
616 1780 730 1822 dixit
761 1782 956 1835 τροφοὺς
988 1781 1137 1822 ἵππων
1169 1781 1518 1834 σιδαροχαρμᾶν,
1567 1793 1677 1834 quae
1710 1777 1772 1818 lo-

330 1858 450 1901 011110
483 1872 580 1900 011111
611 1857 881 1913 respondeat
920 1856 1019 1900 voci
1059 1857 1208 1913 epicae
1251 1858 1514 1910 ἱππόβοτος,
1556 1870 1662 1897 voce
1710 1854 1773 1896 ul-

328 1934 442 1977 tima
486 1934 542 1977 ad
586 1935 755 1991 epicum
797 1935 1091 1990 ἱππιοχάρμης
1136 1934 1285 1976 redire
1326 1933 1520 1975 videtur.
1584 1933 1639 1974 111
1683 1932 1774 1988 epi-

329 2011 470 2055 thetis
514 2011 731 2054 novandis
778 2012 965 2053 multum
1007 2011 1251 2054 valuerunt
1291 2013 1338 2053 01
1379 2027 1466 2052 vox
1508 2010 1632 2066 epica
1664 2010 1774 2050 ὠκυ-

331 2089 462 2143 πέτης
494 2091 540 2131 01
571 2089 736 2132 10011110
780 2103 917 2145 supra
959 2088 1146 2131 laudata
1184 2089 1228 2130 K
1259 2089 1344 2130 437
1388 2091 1530 2130 θείειν
1574 2087 1774 2140 ἀνέμοισι

331 2166 500 2221 ὁμοῖοι,
546 2167 656 2209 bene
687 2165 815 2209 addit
837 2165 1189 2221 Meylan-Faure
1221 2165 1296 2207 1.1.
1330 2181 1369 2221 p.
1392 2165 1470 2206 111
1504 2164 1775 2206 locutionem

329 2246 482 2286 notam
527 2245 586 2286 τὼ
627 2243 663 2285 δ’
698 2243 778 2286 οὐκ
811 2243 987 2285 ἀέκοντε
1018 2243 1261 2296 πετέσθην,
1304 2257 1405 2284 nam
1449 2241 1643 2283 Pindaro
1686 2255 1776 2282 non

331 2320 474 2363 solum
505 2320 605 2377 equi
636 2335 685 2363 re
716 2334 828 2363 vera
859 2320 971 2362 alahi
1011 2320 1126 2362 sicut
1159 2319 1360 2375 Neptuni
1393 2318 1624 2375 equitandi
1658 2317 1773 2360 artis

429 2521 462 2561 1)
489 2518 673 2552 Interiisse
699 2517 867 2552 videntur
894 2529 972 2552 cum
1009 2518 1102 2551 aliae
1131 2527 1234 2551 voces
1260 2517 1473 2551 Homericae
1509 2520 1584 2549 tuni
1611 2515 1775 2559 pulcher-

330 2584 453 2627 rimae,
481 2595 573 2628 quae
600 2595 691 2628 equo
719 2584 911 2627 adduntur,
939 2581 1150 2628 ἐριαυχένες
1169 2588 1204 2618 et
1222 2581 1391 2627 ὑψηχέες,
1419 2593 1489 2626 qua
1517 2582 1560 2616 de
1586 2593 1673 2616 voce
1698 2592 1776 2615 rec-

331 2651 402 2685 tius
430 2661 536 2694 quam
561 2651 862 2696 Meylan-Faure,
900 2651 960 2694 qui
987 2651 1008 2684 l.
1036 2651 1058 2684 1.
1087 2662 1120 2694 p.
1151 2653 1214 2684 111
1250 2649 1344 2684 idem
1369 2650 1489 2684 valere
1528 2649 1614 2683 dicit
1642 2653 1775 2683 utram-

333 2727 402 2761 que
426 2727 566 2760 vocem,
593 2717 842 2752 iudicaverunt
877 2718 987 2752 schol.
1014 2718 1076 2751 BT
1103 2717 1149 2751 ad
1175 2717 1206 2751 E
1234 2719 1302 2751 772
1338 2724 1373 2752 et
1408 2716 1564 2759 Passow,
1599 2715 1774 2758 Philolog.

330 2784 545 2819 Untersuch.
574 2784 677 2818 XVII
702 2795 734 2827 p.
755 2786 810 2819 54.

1855 310 1914 364 [c
