2111 3303
1004 180 1060 220 40

313 293 511 336 thiorum
540 308 721 350 praeses
754 293 932 350 Apollo.
992 293 1145 350 Atque
1175 294 1464 337 inveniuntur
1496 295 1614 351 apud
1644 295 1748 338 Pin-

316 370 472 413 darum

429 449 644 500 Apollinis
674 449 850 500 epitheta
882 451 1019 500 epifa:
1062 448 1366 502 ἀκερσεκόμας,
1411 449 1625 504 ἑκάεργος,
1658 449 1751 492 ἑκα-

311 527 510 579 ταβόλος,
539 525 795 578 τοξοφόρος,
826 524 1074 579 (Λατοίδας,
1108 528 1272 579 Φοῖβος
1293 526 1515 568 nominum
1545 527 1750 582 proprio-
1811 549 1813 551 ·

312 616 411 643 rum
440 601 586 643 instar
630 600 751 655 sunt)
792 601 1019 655 χρυσάωρ,
1064 601 1249 657 denique
1293 604 1589 656 χρυσοκόμας,
1635 603 1752 659 quod

312 677 513 734 Dionyso
545 677 765 719 tribuitur
805 692 832 719 a
861 677 1006 734 poetis
1055 677 1210 733 epicis,
1251 692 1354 720 casu
1393 694 1480 720 non
1522 681 1750 721 servatum

315 756 387 797 est
418 754 587 809 epicum
617 754 842 810 Apollinis
875 753 1124 810 epitheton.

427 830 643 882 Apollinis
675 831 871 884 epitheta,
915 845 1019 882 1]choe
1051 831 1279 882 exemplum
1310 833 1464 882 epicum
1498 835 1748 883 sequnntur:

313 906 495 948 θάλλων
526 905 689 962 χρυσέᾳ
719 908 832 961 κόμᾳ
863 908 909 948 et
939 914 1206 961 χρυσοχαῖτα
1244 906 1436 949 redeunt
1479 907 1536 949 ad
1582 907 1751 964 epicum

311 985 600 1037 χρυσοκόμης,
633 982 750 1038 quod
780 985 1019 1039 praeterea
1060 982 1208 1038 aliquo
1248 983 1376 1026 modo
1419 984 1622 1040 sequitur
1661 1001 1750 1039 χαι-

310 1060 447 1112 τάεις,
492 1059 604 1101 nihil
634 1061 875 1115 praeterea
905 1059 1067 1102 inveni.

426 1137 642 1188 Apollinis
692 1137 868 1188 epitheta
919 1150 1046 1177 nora:
1098 1136 1290 1178 Praeter
1339 1137 1518 1179 nomina
1569 1138 1753 1194 propria

313 1213 485 1265 Λοξίας,
519 1213 823 1266 ιἌουσαγέτας,
865 1213 1054 1265 Πύθιος,
1101 1215 1263 1262 σκοπὸς
1294 1214 1449 1255 Δάλου
1481 1218 1526 1257 et
1557 1214 1603 1255 id
1636 1215 1752 1271 quod

311 1289 591 1332 Homericam
638 1304 789 1331 vocem
835 1289 1130 1344 ἀργυρότοξος
1176 1292 1227 1332 ut
1272 1290 1339 1332 ita
1384 1290 1526 1333 dicam
1572 1290 1752 1348 supplet

310 1366 653 1420 εὐρυφαρέτρας,
685 1381 873 1422 prorsus
905 1381 1021 1409 nova
1054 1369 1158 1409 sunt
1189 1367 1479 1421 εὐρυσθενής,
1524 1368 1750 1422 ὀρχήστας,

313 1443 465 1497 ἁγνός.

425 1519 637 1562 Fratrem
669 1522 715 1562 et
745 1522 950 1576 nepotem
984 1522 1198 1576 sequatur
1215 1519 1506 1563 Isthmiorum
1535 1523 1749 1577 patronus

309 1596 558 1653 Neptunus,
591 1596 713 1638 cuius
747 1596 949 1653 epitheta
981 1597 1132 1639 eodem
1168 1596 1294 1639 modo
1327 1597 1503 1652 digesta
1535 1613 1748 1654 propono.

311 1672 426 1716 Sunt
456 1673 503 1715 in
534 1673 730 1716 Pindaro

424 1750 608 1802 Neptuni
640 1751 817 1802 epitheta
844 1753 983 1802 tytii-a:
1017 1744 1308 1804 βαρύκτυπος,
1343 1753 1559 1806 γαιαόχος,
1594 1753 1750 1805 εὐρυσ-

307 1829 457 1882 θενής,
489 1828 670 1881 κινητὴρ
703 1833 794 1880 γᾶς,
826 1829 1005 1881 Κρόνου
1036 1828 1145 1877 ὑιός.

422 1905 662 1956 Sequuntur
701 1905 928 1956 exemplum
959 1907 1139 1956 epicam:
1192 1905 1445 1960 ἐλελίχθων,
1495 1908 1747 1960 σεισίχθων,

306 1981 575 2032 Ἐννοσίδας,
601 1981 861 2035 ἐλασίχθων,
897 1981 1014 2037 quod
1037 1987 1159 2024 recte
1192 1981 1247 2024 ad
1270 1982 1546 2036 ἐννοσίγαιος
1567 1988 1750 2025 revocat

308 2058 424 2100 siout
456 2072 507 2100 ea
538 2072 648 2114 quae
681 2057 952 2100 antecedunt
975 2058 1242 2101 Eustathius
1276 2059 1379 2110 1.1.,
1425 2059 1625 2115 quamvis
1658 2060 1748 2102 for-

306 2137 430 2178 tasse
475 2135 522 2176 in
552 2149 658 2177 voce
690 2134 895 2177 novanda
936 2134 1082 2178 valuit
1126 2136 1260 2178 etiam
1302 2135 1468 2178 locutio
1510 2136 1654 2192 qualis
1686 2137 1748 2178 in-

306 2211 489 2254 venitur
531 2213 556 2253 δ
597 2212 681 2254 506
722 2213 856 2265 ἤλασε
1015 2212 1198 2265 πέτρην;
1242 2213 1451 2266 εὐρυβίας
1493 2212 1748 2266 εὐρυμέδων

309 2290 557 2345 sequuntur
579 2289 865 2342 εὐρυκρείων,
896 2291 1174 2343 μεγασθενής
1203 2288 1249 2330 id
1281 2289 1397 2345 quod
1420 2303 1558 2346 supra
1578 2289 1748 2344 legitur

308 2364 596 2419 εὐρυσθενής,
631 2365 819 2421 denique
842 2367 970 2415 πόσις
987 2365 1263 2420 Ἀμφιτρίτας
1282 2365 1548 2408 locutionem
1581 2366 1748 2422 epicam

305 2443 435 2491 πόσις
454 2441 603 2496 ἽΙρης.

422 2519 621 2570 Epitlwtci
669 2532 796 2559 nova:
841 2518 1042 2574 (praeter
1084 2518 1261 2561 nomina
1301 2518 1486 2575 propria
1533 2520 1747 2568 δεσπότας

295 2594 495 2649 Ἴσθμου,
510 2595 722 2649 Ἴσθμιος,
745 2596 945 2649 Κρόνιος,
966 2599 1183 2648 Πετραῖος
1205 2598 1251 2638 et
1273 2610 1325 2638 ea
1343 2610 1455 2652 quae
1473 2611 1512 2652 p.
1529 2596 1582 2638 39
1601 2596 1700 2638 adn.
1719 2596 1744 2637 3

307 2671 579 2727 enumeravi)
626 2671 807 2725 ἀγλαὸς,
858 2672 1072 2722 δεσπότας
1122 2672 1407 2726 ποντομέδων
1428 2673 1456 2718 ¹)
1510 2673 1747 2716 secundum

404 2765 436 2807 1)
464 2764 515 2798 Cf.
545 2765 710 2809 Aeschyl.
738 2766 882 2808 Septem
910 2767 975 2799 122
1002 2766 1242 2810 ποντομέδων
1269 2765 1374 2808 ἄναξ
