2111 3303
975 220 1030 262 45

289 334 590 388 ὀβριμοπάτρη
622 333 824 390 sequitur
857 334 1165 388 ἀριστοπάτρα.
1235 335 1434 391 Denique.
1468 336 1583 392 quod
1614 336 1726 379 Iuno

286 410 483 453 Pindaro
515 395 558 453 N
578 410 648 452 XI
669 412 694 452 2
729 411 980 466 ὁμόθρονος
1011 411 1132 453 Iovis
1165 411 1305 465 audit,
1340 412 1605 455 subauditur
1636 413 1727 470 epi-

287 487 447 530 theton
478 487 648 544 epicum
679 490 1000 543 χρυσόθρονος,
1032 503 1116 544 quo
1151 488 1325 544 quidem
1355 489 1536 532 deorum
1570 490 1727 545 regina

286 579 374 607 non
421 564 517 607 sola
556 564 724 620 gaudet
738 580 746 617 ,³
791 564 919 607 immo
961 579 1057 607 cum
1099 566 1355 621 saepissime
1395 565 1603 610 Aurorae
1644 567 1726 609 tri-

285 642 482 684 buantur
513 641 717 698 epitheta
748 657 842 684 cum
873 643 1041 695 θρόνος
1072 642 1339 698 composita,
1383 658 1468 685 vox
1500 658 1612 699 quae
1656 646 1726 687 est

284 720 591 773 χρυσόθρονος
623 720 669 761 et
700 733 764 771 ea,
797 718 851 760 de
889 733 974 775 qua
1009 719 1084 760 vix
1106 718 1386 762 dubitaveris
1409 723 1722 773 κροκόπεπλος,

283 809 310 837 a
351 794 495 851 poetis
540 794 750 837 inventae
791 809 887 837 esse
923 793 1133 836 videntur
1174 797 1226 836 ut
1258 795 1485 847 Aurorae,
1528 796 1721 839 feminae

283 871 608 927 pulcherrimae
639 871 684 913 in
702 871 888 914 Oriente
920 871 1115 913 sedentis
1148 874 1376 927 aspectum
1407 872 1723 928 del->ingerent;

283 962 394 1004 quae
417 947 655 1004 explicatio
687 947 802 990 male
824 947 1019 1004 quadrat
1050 947 1095 989 in
1127 962 1179 989 ea
1209 962 1320 1004 quae
1343 948 1637 1005 Reichefius')
1671 950 1724 993 de

282 1024 350 1066 his
373 1025 554 1067 vocibus
582 1024 779 1081 protulit
811 1039 837 1066 a
868 1024 1044 1066 sedibus
1078 1024 1262 1067 deorum
1295 1025 1433 1081 signis
1466 1027 1723 1070 carentibus

283 1101 418 1154 ortis,
462 1116 558 1144 cum
592 1102 814 1144 Auroram
848 1104 1026 1144 constet
1045 1101 1076 1157 2)
1116 1116 1195 1144 nec
1236 1102 1415 1158 templis
1455 1118 1535 1146 nec
1568 1104 1720 1159 signis,

283 1178 359 1221 sed
382 1178 487 1221 solis
512 1178 651 1221 sacris
677 1178 738 1221 eis
762 1193 874 1234 quae
895 1179 1090 1233 νηφάλια
1113 1179 1401 1235 appellantur
1423 1180 1589 1222 cultam
1612 1196 1721 1224 esse.

397 1256 461 1298 Ut
504 1255 556 1297 de
598 1255 807 1298 universa
852 1270 901 1297 re
934 1255 1096 1309 dicam,
1147 1271 1258 1312 quae
1305 1256 1424 1298 ratio
1470 1257 1724 1300 intercedat

280 1332 400 1375 inter
434 1347 561 1374 voces
594 1332 855 1375 Pindaricas
890 1336 935 1374 et
968 1332 1169 1388 exempla
1201 1333 1336 1389 epica⁷
1381 1348 1476 1376 cum
1509 1334 1590 1376 illa
1621 1335 1720 1377 deo—

229 1414 232 1417 *
280 1424 379 1451 rum
401 1409 603 1466 epitheta
623 1408 935 1452 demonstrant
966 1413 1061 1452 tum
1093 1409 1182 1452 alia
1205 1411 1464 1466 specimina:
1506 1412 1722 1454 nonnulla

280 1486 376 1529 fere
418 1486 731 1543 paraphrasim
761 1488 980 1543 praebent
1010 1487 1131 1529 vocis
1165 1487 1314 1544 epicae
1350 1514 1398 1517 --v
1433 1503 1467 1529 e.
1486 1503 1554 1544 gr.
1587 1488 1720 1531 laudo

280 1564 316 1606 O
348 1563 371 1605 Ι
406 1565 459 1605 66
490 1565 764 1618 ταχύποτμος
808 1583 860 1603 m
893 1581 918 1605 α
949 1564 1032 1606 266
1074 1565 1319 1617 ὠκύμορος,
1363 1564 1396 1605 Ρ
1428 1565 1523 1607 ΧΠ
1557 1566 1609 1607 16
1651 1565 1719 1607 εὐ-

278 1641 446 1696 πάρᾳος
488 1658 539 1677 m
573 1656 596 1683 ο
630 1640 711 1682 123
751 1641 1083 1695 καλλιπάρειος,
1124 1641 1283 1684 Bacch.
1317 1641 1401 1685 XV
1441 1642 1492 1683 16
1534 1643 1720 1697 ἀμφικύ-

277 1735 373 1773 μων
405 1737 457 1757 ω
491 1721 516 1772 β
549 1718 632 1760 293
665 1718 895 1772 ἀμφίαλος,
928 1719 1085 1760 Bacch.
1118 1719 1207 1761 XV
1239 1720 1264 1760 6
1297 1720 1566 1775 δολιχαυχήν
1598 1737 1649 1757 m
1682 1723 1718 1761 B

275 1795 360 1837 460
393 1797 722 1851 δουλιχόδειρος
752 1821 827 1847 ——,
873 1811 968 1838 cum
1012 1796 1102 1838 alia
1132 1798 1225 1838 tam
1256 1795 1387 1851 longe
1420 1796 1634 1839 recedant
1666 1797 1720 1839 ab

277 1872 476 1928 exemplo
511 1873 646 1928 epico,
681 1875 732 1915 ut
763 1873 880 1915 ratio
913 1888 1024 1929 quae
1056 1873 1310 1916 intercedat
1348 1889 1437 1916 non
1469 1874 1625 1916 statim
1657 1873 1720 1915 in-

276 1949 548 2004 tellegatur,
594 1964 628 1990 e.
661 1964 729 2005 gr.
762 1949 806 1990 N
836 1950 880 1991 X
911 1950 966 1991 84
1005 1952 1308 2005 κελαινεγχής,
1357 1950 1473 2006 quod
1515 1950 1718 2006 sequitur

274 2041 305 2067 π
335 2026 414 2067 441
461 2022 565 2080 αἷμα
608 2028 826 2069 κελαινόν.
888 2026 1016 2079 Quod
1048 2042 1262 2069 summum
1295 2029 1387 2078 est,
1432 2027 1597 2083 duplici
1644 2041 1714 2070 ra—

274 2102 396 2145 tione
427 2102 649 2146 Pindarus
682 2119 776 2146 rem
816 2103 960 2159 egisse
993 2103 1194 2155 videtur,
1235 2108 1286 2145 ut
1329 2106 1408 2146 aut
1450 2103 1719 2146 locutionem

276 2179 445 2236 epicam
474 2180 519 2221 in
551 2195 680 2223 unam
713 2195 864 2223 vocem
894 2183 945 2222 ut
988 2181 1055 2223 ita
1087 2181 1227 2222 dicam
1259 2180 1593 2237 comprimeret,
1638 2185 1717 2223 aut

275 2272 330 2299 ex
360 2272 447 2300 una
479 2272 584 2300 voce
617 2257 751 2314 epica,
800 2258 921 2300 cuius
954 2259 1149 2300 membra
1184 2257 1404 2309 solveret,
1449 2257 1716 2300 locutionem

275 2334 480 2388 eliceret;
525 2334 647 2377 cuius
695 2335 762 2377 rei
806 2335 1081 2377 luculentum
1131 2334 1379 2391 exemplum
1424 2334 1714 2391 Euripideum

275 2412 414 2454 affero
446 2411 610 2454 Phoen.
643 2413 690 2464 2,
739 2412 812 2454 uhi
859 2412 1025 2455 locutio
1067 2416 1489 2467 χρυσοκολλήτοισιν
1520 2412 1716 2466 ἐμβεβὼς

275 2489 451 2543 δίφροις
494 2489 697 2546 sequitur
743 2504 893 2532 vocem
935 2489 1144 2546 epicamss)
1176 2489 1501 2544 χρυσάρματος;
1546 2488 1710 2531 similia

374 2603 406 2645 1)
432 2602 551 2636 Ueber
577 2602 863 2637 vorhellenische
889 2602 1120 2637 Gotterkulte
1147 2613 1180 2646 p.
1209 2604 1263 2636 53.

366 2671 402 2712 2)
427 2669 731 2712 Preller-Robert,
759 2670 818 2704 Gr.
845 2669 1068 2714 Mythologie
1094 2681 1127 2713 p.
1155 2672 1234 2703 443.

368 2739 402 2778 ⁴0¹)
428 2735 560 2769 Vocem
585 2735 815 2770 Pindaricam
840 2735 1096 2780 χρυσάρματος
1129 2735 1176 2770 ad
1207 2736 1444 2770 elocutionem
1482 2735 1620 2779 epicam
1657 2745 1710 2768 re-

271 2811 357 2835 voco
384 2801 514 2835 collato
544 2802 686 2836 nomine
711 2803 859 2846 proprio
886 2802 1113 2846 Χρύσιππος.
