<?xml version="1.0" encoding="UTF-8"?>
<!DOCTYPE html PUBLIC "-//W3C//DTD XHTML 1.0 Transitional//EN"
    "http://www.w3.org/TR/xhtml1/DTD/xhtml1-transitional.dtd">
<html xmlns="http://www.w3.org/1999/xhtml" xml:lang="en" lang="en">
 <head>
  <title>
</title>
<meta http-equiv="Content-Type" content="text/html;charset=utf-8" />
  <meta name='ocr-system' content='tesseract 3.04.00' />
  <meta name='ocr-capabilities' content='ocr_page ocr_carea ocr_par ocr_line ocrx_word'/>
</head>
<body>
  <div class='ocr_page' id='page_1' title='image "./deelocutionispin00schuuoft_0054.png"; bbox 0 0 2111 3303; ppageno 0'>
   <div class='ocr_carea' id='block_1_1' title="bbox 1070 235 1127 276">
    <p class='ocr_par' dir='ltr' id='par_1_1' title="bbox 1070 235 1127 276">
     <span class='ocr_line' id='line_1_1' title="bbox 1070 235 1127 276; baseline 0.018 -1"><span class='ocrx_word' id='word_1_1' title='bbox 1070 235 1127 276; x_wconf 81' lang='lat'>50</span> 
     </span>
    </p>
   </div>
   <div class='ocr_carea' id='block_1_2' title="bbox 382 348 1835 1481">
    <p class='ocr_par' dir='ltr' id='par_1_2' title="bbox 382 348 1835 1250">
     <span class='ocr_line' id='line_1_2' title="bbox 382 348 1817 405; baseline -0.001 -12"><span class='ocrx_word' id='word_1_2' title='bbox 382 349 697 405; x_wconf 82' lang='lat' dir='ltr'>Bacchylidea‚</span> <span class='ocrx_word' id='word_1_3' title='bbox 731 348 962 405; x_wconf 70' lang='lat' dir='ltr'>epitheton</span> <span class='ocrx_word' id='word_1_4' title='bbox 978 348 1186 391; x_wconf 84' lang='lat' dir='ltr'>Aurorae</span> <span class='ocrx_word' id='word_1_5' title='bbox 1208 348 1305 390; x_wconf 92' lang='lat' dir='ltr'>dico</span> <span class='ocrx_word' id='word_1_6' title='bbox 1336 351 1615 404; x_wconf 78' lang='grc' dir='ltr'><strong><em>χρυσόπαχυς</em></strong></span> <span class='ocrx_word' id='word_1_7' title='bbox 1646 350 1706 402; x_wconf 86' lang='lat' dir='ltr'>(V</span> <span class='ocrx_word' id='word_1_8' title='bbox 1731 350 1817 404; x_wconf 86' lang='lat'>40),</span> 
     </span>
     <span class='ocr_line' id='line_1_3' title="bbox 384 425 1819 484; baseline -0.001 -14"><span class='ocrx_word' id='word_1_9' title='bbox 384 426 500 484; x_wconf 90' lang='lat' dir='ltr'>quod</span> <span class='ocrx_word' id='word_1_10' title='bbox 530 441 618 468; x_wconf 91' lang='lat' dir='ltr'>non</span> <span class='ocrx_word' id='word_1_11' title='bbox 661 425 717 468; x_wconf 86' lang='lat' dir='ltr'>ad</span> <span class='ocrx_word' id='word_1_12' title='bbox 762 425 955 468; x_wconf 87' lang='lat' dir='ltr'>colorem</span> <span class='ocrx_word' id='word_1_13' title='bbox 1000 425 1336 468; x_wconf 83' lang='lat' dir='ltr'>describendum</span> <span class='ocrx_word' id='word_1_14' title='bbox 1378 425 1581 481; x_wconf 72' lang='lat' dir='ltr'>pertinet</span> <span class='ocrx_word' id='word_1_15' title='bbox 1620 426 1736 469; x_wconf 89' lang='lat' dir='ltr'>sicut</span> <span class='ocrx_word' id='word_1_16' title='bbox 1767 441 1819 469; x_wconf 82' lang='lat' dir='ltr'>ea</span> 
     </span>
     <span class='ocr_line' id='line_1_4' title="bbox 385 502 1819 560; baseline -0.001 -13"><span class='ocrx_word' id='word_1_17' title='bbox 385 518 496 560; x_wconf 91' lang='lat' dir='ltr'>quae</span> <span class='ocrx_word' id='word_1_18' title='bbox 541 502 834 545; x_wconf 76' lang='lat' dir='ltr'>tractavimus</span> <span class='ocrx_word' id='word_1_19' title='bbox 879 504 1187 556; x_wconf 75' lang='grc' dir='ltr'>χρυσόθρονος</span> <span class='ocrx_word' id='word_1_20' title='bbox 1218 504 1264 544; x_wconf 90' lang='lat' dir='ltr'>et</span> <span class='ocrx_word' id='word_1_21' title='bbox 1294 503 1605 554; x_wconf 80' lang='grc' dir='ltr'><strong><em>κροκόπεπλος,</em></strong></span> <span class='ocrx_word' id='word_1_22' title='bbox 1654 502 1732 545; x_wconf 92' lang='lat' dir='ltr'>sed</span> <span class='ocrx_word' id='word_1_23' title='bbox 1761 502 1819 546; x_wconf 90' lang='lat' dir='ltr'>ad</span> 
     </span>
     <span class='ocr_line' id='line_1_5' title="bbox 383 567 1835 637; baseline -0.001 -15"><span class='ocrx_word' id='word_1_24' title='bbox 383 579 760 637; x_wconf 85' lang='lat' dir='ltr'>pulchritudinem</span> <span class='ocrx_word' id='word_1_25' title='bbox 804 577 1112 620; x_wconf 70' lang='lat' dir='ltr'>bracchiorum</span> <span class='ocrx_word' id='word_1_26' title='bbox 1152 580 1286 634; x_wconf 86' lang='lat' dir='ltr'>atque</span> <span class='ocrx_word' id='word_1_27' title='bbox 1331 577 1455 633; x_wconf 86' lang='lat' dir='ltr'>epica</span> <span class='ocrx_word' id='word_1_28' title='bbox 1485 578 1679 621; x_wconf 90' lang='lat' dir='ltr'>eiusdem</span> <span class='ocrx_word' id='word_1_29' title='bbox 1711 567 1835 621; x_wconf 24' lang='lat' dir='ltr'>deae·</span> 
     </span>
     <span class='ocr_line' id='line_1_6' title="bbox 385 654 1818 710; baseline -0.001 -11"><span class='ocrx_word' id='word_1_30' title='bbox 385 656 588 710; x_wconf 81' lang='lat' dir='ltr'>epitheta</span> <span class='ocrx_word' id='word_1_31' title='bbox 619 655 943 709; x_wconf 78' lang='grc' dir='ltr'><em>ῥοδοδάκτυλος</em></span> <span class='ocrx_word' id='word_1_32' title='bbox 965 659 1010 697; x_wconf 89' lang='lat' dir='ltr'>et</span> <span class='ocrx_word' id='word_1_33' title='bbox 1032 655 1284 708; x_wconf 77' lang='grc' dir='ltr'><em>ῥοδόπηχυς</em></span> <span class='ocrx_word' id='word_1_34' title='bbox 1303 654 1437 709; x_wconf 74' lang='lat' dir='ltr'>(hym.</span> <span class='ocrx_word' id='word_1_35' title='bbox 1462 654 1571 698; x_wconf 90' lang='lat' dir='ltr'>hom.</span> <span class='ocrx_word' id='word_1_36' title='bbox 1598 654 1755 698; x_wconf 85' lang='lat' dir='ltr'>XXXI</span> <span class='ocrx_word' id='word_1_37' title='bbox 1777 656 1818 707; x_wconf 87' lang='grc'>6)</span> 
     </span>
     <span class='ocr_line' id='line_1_7' title="bbox 383 731 1820 791; baseline -0.001 -15"><span class='ocrx_word' id='word_1_38' title='bbox 383 733 484 791; x_wconf 86' lang='lat' dir='ltr'>pari</span> <span class='ocrx_word' id='word_1_39' title='bbox 515 732 699 776; x_wconf 85' lang='lat' dir='ltr'>audacia</span> <span class='ocrx_word' id='word_1_40' title='bbox 731 731 934 787; x_wconf 86' lang='lat' dir='ltr'>sequitur</span> <span class='ocrx_word' id='word_1_41' title='bbox 966 733 1102 787; x_wconf 86' lang='lat' dir='ltr'>atque</span> <span class='ocrx_word' id='word_1_42' title='bbox 1132 731 1369 774; x_wconf 84' lang='lat' dir='ltr'>Nonniana</span> <span class='ocrx_word' id='word_1_43' title='bbox 1391 747 1478 773; x_wconf 82' lang='lat' dir='ltr'>vox</span> <span class='ocrx_word' id='word_1_44' title='bbox 1510 731 1820 786; x_wconf 75' lang='grc' dir='ltr'>ἀργυρόπηχυς</span> 
     </span>
     <span class='ocr_line' id='line_1_8' title="bbox 384 807 1819 864; baseline -0.002 -11"><span class='ocrx_word' id='word_1_45' title='bbox 384 809 600 853; x_wconf 82' lang='lat' dir='ltr'>Thetidos</span> <span class='ocrx_word' id='word_1_46' title='bbox 653 811 806 851; x_wconf 89' lang='lat' dir='ltr'>notum</span> <span class='ocrx_word' id='word_1_47' title='bbox 867 807 979 850; x_wconf 91' lang='lat' dir='ltr'>illud</span> <span class='ocrx_word' id='word_1_48' title='bbox 1025 808 1324 862; x_wconf 74' lang='grc' dir='ltr'><em>ἀργυρόπεζα,</em></span> <span class='ocrx_word' id='word_1_49' title='bbox 1369 808 1486 864; x_wconf 90' lang='lat' dir='ltr'>quod</span> <span class='ocrx_word' id='word_1_50' title='bbox 1538 808 1721 850; x_wconf 86' lang='lat' dir='ltr'>Nonnus</span> <span class='ocrx_word' id='word_1_51' title='bbox 1761 808 1819 851; x_wconf 88' lang='lat' dir='ltr'>ad</span> 
     </span>
     <span class='ocr_line' id='line_1_9' title="bbox 383 884 1818 943; baseline -0.002 -14"><span class='ocrx_word' id='word_1_52' title='bbox 383 887 498 931; x_wconf 82' lang='lat' dir='ltr'>cutis</span> <span class='ocrx_word' id='word_1_53' title='bbox 531 885 813 943; x_wconf 84' lang='lat' dir='ltr'>splendorem</span> <span class='ocrx_word' id='word_1_54' title='bbox 843 886 1088 937; x_wconf 86' lang='lat' dir='ltr'>revocavit,</span> <span class='ocrx_word' id='word_1_55' title='bbox 1120 900 1208 927; x_wconf 90' lang='lat' dir='ltr'>non</span> <span class='ocrx_word' id='word_1_56' title='bbox 1240 900 1336 927; x_wconf 88' lang='lat' dir='ltr'>cum</span> <span class='ocrx_word' id='word_1_57' title='bbox 1366 884 1562 928; x_wconf 81' lang='lat' dir='ltr'>Pindaro</span> <span class='ocrx_word' id='word_1_58' title='bbox 1595 885 1651 927; x_wconf 89' lang='lat' dir='ltr'>ad</span> <span class='ocrx_word' id='word_1_59' title='bbox 1682 884 1818 928; x_wconf 78' lang='lat' dir='ltr'>calcei</span> 
     </span>
     <span class='ocr_line' id='line_1_10' title="bbox 386 962 1818 1016; baseline -0.003 -8"><span class='ocrx_word' id='word_1_60' title='bbox 386 965 579 1008; x_wconf 89' lang='lat' dir='ltr'>colorem</span> <span class='ocrx_word' id='word_1_61' title='bbox 611 990 663 995; x_wconf 88' lang='lat'>—</span> <span class='ocrx_word' id='word_1_62' title='bbox 696 978 798 1006; x_wconf 88' lang='lat' dir='ltr'>nam</span> <span class='ocrx_word' id='word_1_63' title='bbox 830 979 879 1006; x_wconf 87' lang='lat' dir='ltr'>eo</span> <span class='ocrx_word' id='word_1_64' title='bbox 913 979 1043 1006; x_wconf 89' lang='lat' dir='ltr'>sensu</span> <span class='ocrx_word' id='word_1_65' title='bbox 1073 962 1319 1005; x_wconf 82' lang='lat' dir='ltr'>Pindarum</span> <span class='ocrx_word' id='word_1_66' title='bbox 1349 963 1586 1005; x_wconf 85' lang='lat' dir='ltr'>novavisse</span> <span class='ocrx_word' id='word_1_67' title='bbox 1621 964 1818 1016; x_wconf 80' lang='grc' dir='ltr'><em>φοινικό-</em></span> 
     </span>
     <span class='ocr_line' id='line_1_11' title="bbox 383 1039 1818 1095; baseline -0.003 -11"><span class='ocrx_word' id='word_1_68' title='bbox 383 1045 489 1094; x_wconf 83' lang='grc' dir='ltr'><em>πεζα</em></span> <span class='ocrx_word' id='word_1_69' title='bbox 530 1041 791 1084; x_wconf 76' lang='lat' dir='ltr'>observavit</span> <span class='ocrx_word' id='word_1_70' title='bbox 821 1039 1242 1094; x_wconf 77' lang='lat' dir='ltr'>Wilamowitzius1)</span> <span class='ocrx_word' id='word_1_71' title='bbox 1274 1055 1351 1092; x_wconf 80' lang='lat'>——3</span> <span class='ocrx_word' id='word_1_72' title='bbox 1397 1054 1507 1095; x_wconf 85' lang='lat' dir='ltr'>quae</span> <span class='ocrx_word' id='word_1_73' title='bbox 1539 1054 1610 1082; x_wconf 87' lang='lat' dir='ltr'>res</span> <span class='ocrx_word' id='word_1_74' title='bbox 1643 1039 1818 1082; x_wconf 89' lang='lat' dir='ltr'>dubita-</span> 
     </span>
     <span class='ocr_line' id='line_1_12' title="bbox 384 1115 1817 1175; baseline -0.002 -14"><span class='ocrx_word' id='word_1_75' title='bbox 384 1119 528 1161; x_wconf 82' lang='lat' dir='ltr'>tiones</span> <span class='ocrx_word' id='word_1_76' title='bbox 562 1133 670 1175; x_wconf 84' lang='lat' dir='ltr'>quas</span> <span class='ocrx_word' id='word_1_77' title='bbox 703 1132 840 1173; x_wconf 84' lang='lat' dir='ltr'>supra</span> <span class='ocrx_word' id='word_1_78' title='bbox 871 1133 911 1174; x_wconf 89' lang='lat' dir='ltr'>p.</span> <span class='ocrx_word' id='word_1_79' title='bbox 933 1118 987 1159; x_wconf 84' lang='lat'>41</span> <span class='ocrx_word' id='word_1_80' title='bbox 1011 1117 1110 1159; x_wconf 88' lang='lat' dir='ltr'>adn.</span> <span class='ocrx_word' id='word_1_81' title='bbox 1134 1117 1159 1158; x_wconf 80' lang='lat'>2</span> <span class='ocrx_word' id='word_1_82' title='bbox 1190 1116 1403 1173; x_wconf 87' lang='lat' dir='ltr'>proposui</span> <span class='ocrx_word' id='word_1_83' title='bbox 1435 1116 1488 1158; x_wconf 88' lang='lat' dir='ltr'>de</span> <span class='ocrx_word' id='word_1_84' title='bbox 1504 1115 1562 1158; x_wconf 81' lang='lat' dir='ltr'>fr.</span> <span class='ocrx_word' id='word_1_85' title='bbox 1584 1116 1710 1159; x_wconf 89' lang='lat' dir='ltr'>Pind.</span> <span class='ocrx_word' id='word_1_86' title='bbox 1733 1116 1817 1159; x_wconf 82' lang='lat'>287</span> 
     </span>
     <span class='ocr_line' id='line_1_13' title="bbox 383 1193 1230 1250; baseline -0.005 -12"><span class='ocrx_word' id='word_1_87' title='bbox 383 1195 594 1250; x_wconf 75' lang='grc' dir='ltr'><em>ἀργύρεαι</em></span> <span class='ocrx_word' id='word_1_88' title='bbox 628 1197 807 1237; x_wconf 81' lang='grc' dir='ltr'><em>Μοῦσαι</em></span> <span class='ocrx_word' id='word_1_89' title='bbox 839 1208 1005 1249; x_wconf 85' lang='lat' dir='ltr'>augere</span> <span class='ocrx_word' id='word_1_90' title='bbox 1037 1193 1230 1236; x_wconf 88' lang='lat' dir='ltr'>videtur.</span> 
     </span>
    </p>

    <p class='ocr_par' dir='ltr' id='par_1_3' title="bbox 382 1269 1818 1481">
     <span class='ocr_line' id='line_1_14' title="bbox 499 1269 1817 1323; baseline -0.003 -8"><span class='ocrx_word' id='word_1_91' title='bbox 499 1272 586 1316; x_wconf 86' lang='lat' dir='ltr'>Sed</span> <span class='ocrx_word' id='word_1_92' title='bbox 628 1286 800 1323; x_wconf 76' lang='lat' dir='ltr'>vereor,</span> <span class='ocrx_word' id='word_1_93' title='bbox 847 1285 902 1313; x_wconf 92' lang='lat' dir='ltr'>ne</span> <span class='ocrx_word' id='word_1_94' title='bbox 951 1271 1037 1314; x_wconf 85' lang='lat' dir='ltr'>iam</span> <span class='ocrx_word' id='word_1_95' title='bbox 1083 1270 1246 1312; x_wconf 87' lang='lat' dir='ltr'>dudum</span> <span class='ocrx_word' id='word_1_96' title='bbox 1291 1285 1388 1313; x_wconf 91' lang='lat' dir='ltr'>cum</span> <span class='ocrx_word' id='word_1_97' title='bbox 1420 1269 1552 1312; x_wconf 82' lang='lat' dir='ltr'>Gallo</span> <span class='ocrx_word' id='word_1_98' title='bbox 1597 1269 1817 1312; x_wconf 78' lang='lat' dir='ltr'>Luci-aneo</span> 
     </span>
     <span class='ocr_line' id='line_1_15' title="bbox 382 1345 1818 1405; baseline -0.002 -13"><span class='ocrx_word' id='word_1_99' title='bbox 382 1349 490 1392; x_wconf 87' lang='lat' dir='ltr'>mihi</span> <span class='ocrx_word' id='word_1_100' title='bbox 511 1349 713 1405; x_wconf 87' lang='lat' dir='ltr'>increpes</span> <span class='ocrx_word' id='word_1_101' title='bbox 737 1348 869 1390; x_wconf 88' lang='lat' dir='ltr'>illud:</span> <span class='ocrx_word' id='word_1_102' title='bbox 904 1355 1026 1400; x_wconf 67' lang='grc' dir='ltr'><em>παῦε,</em></span> <span class='ocrx_word' id='word_1_103' title='bbox 1060 1345 1094 1389; x_wconf 82' lang='grc' dir='ltr'><strong>ὦ</strong></span> <span class='ocrx_word' id='word_1_104' title='bbox 1114 1347 1323 1400; x_wconf 81' lang='grc' dir='ltr'><em>βέλτιστε,</em></span> <span class='ocrx_word' id='word_1_105' title='bbox 1355 1350 1653 1401; x_wconf 77' lang='grc' dir='ltr'>χρυσολογῶν,</span> <span class='ocrx_word' id='word_1_106' title='bbox 1683 1349 1818 1402; x_wconf 85' lang='lat' dir='ltr'>atque</span> 
     </span>
     <span class='ocr_line' id='line_1_16' title="bbox 382 1424 1241 1481; baseline -0.006 -11"><span class='ocrx_word' id='word_1_107' title='bbox 382 1426 563 1470; x_wconf 83' lang='lat' dir='ltr'>tandem</span> <span class='ocrx_word' id='word_1_108' title='bbox 593 1425 723 1469; x_wconf 89' lang='lat' dir='ltr'>finem</span> <span class='ocrx_word' id='word_1_109' title='bbox 754 1425 854 1467; x_wconf 90' lang='lat' dir='ltr'>huic</span> <span class='ocrx_word' id='word_1_110' title='bbox 886 1424 1023 1481; x_wconf 86' lang='lat' dir='ltr'>capiti</span> <span class='ocrx_word' id='word_1_111' title='bbox 1054 1424 1241 1480; x_wconf 85' lang='lat' dir='ltr'>impono.</span> 
     </span>
    </p>
   </div>
   <div class='ocr_carea' id='block_1_3' title="bbox 382 1642 1818 1843">
    <p class='ocr_par' dir='ltr' id='par_1_4' title="bbox 382 1642 1818 1843">
     <span class='ocr_line' id='line_1_17' title="bbox 954 1642 1267 1686; baseline -0.006 0"><span class='ocrx_word' id='word_1_112' title='bbox 954 1642 1154 1686; x_wconf 85' lang='lat' dir='ltr'>CAPUT</span> <span class='ocrx_word' id='word_1_113' title='bbox 1187 1642 1267 1685; x_wconf 88' lang='lat' dir='ltr'>VI.</span> 
     </span>
     <span class='ocr_line' id='line_1_18' title="bbox 382 1717 1818 1766; baseline -0.003 -1"><span class='ocrx_word' id='word_1_114' title='bbox 382 1723 465 1766; x_wconf 88' lang='lat' dir='ltr'>DE</span> <span class='ocrx_word' id='word_1_115' title='bbox 506 1721 786 1764; x_wconf 84' lang='lat' dir='ltr'>PlNDARO</span> <span class='ocrx_word' id='word_1_116' title='bbox 831 1720 899 1763; x_wconf 89' lang='lat' dir='ltr'>IN</span> <span class='ocrx_word' id='word_1_117' title='bbox 934 1718 1194 1763; x_wconf 82' lang='lat' dir='ltr'>VOCIBUS</span> <span class='ocrx_word' id='word_1_118' title='bbox 1241 1719 1320 1761; x_wconf 88' lang='lat' dir='ltr'>ET</span> <span class='ocrx_word' id='word_1_119' title='bbox 1366 1717 1818 1761; x_wconf 83' lang='lat' dir='ltr'>LOCUTIONIBUS</span> 
     </span>
     <span class='ocr_line' id='line_1_19' title="bbox 387 1794 1818 1843; baseline -0.003 -1"><span class='ocrx_word' id='word_1_120' title='bbox 387 1797 745 1843; x_wconf 72' lang='lat' dir='ltr'><strong>FORMANDIS</strong></span> <span class='ocrx_word' id='word_1_121' title='bbox 776 1797 858 1840; x_wconf 87' lang='lat' dir='ltr'>AB</span> <span class='ocrx_word' id='word_1_122' title='bbox 890 1796 1180 1840; x_wconf 86' lang='lat' dir='ltr'>EXEMPLO</span> <span class='ocrx_word' id='word_1_123' title='bbox 1212 1795 1391 1839; x_wconf 87' lang='lat' dir='ltr'>EPICO</span> <span class='ocrx_word' id='word_1_124' title='bbox 1432 1794 1818 1839; x_wconf 86' lang='lat' dir='ltr'>RECEDENTE.</span> 
     </span>
    </p>
   </div>
   <div class='ocr_carea' id='block_1_4' title="bbox 383 1891 1822 2721">
    <p class='ocr_par' dir='ltr' id='par_1_5' title="bbox 383 1891 1822 2721">
     <span class='ocr_line' id='line_1_20' title="bbox 500 1891 1820 1951; baseline -0.003 -13"><span class='ocrx_word' id='word_1_125' title='bbox 500 1896 776 1951; x_wconf 75' lang='lat' dir='ltr'>Quamquam</span> <span class='ocrx_word' id='word_1_126' title='bbox 820 1893 1145 1951; x_wconf 85' lang='lat' dir='ltr'>disputavimus</span> <span class='ocrx_word' id='word_1_127' title='bbox 1194 1894 1245 1935; x_wconf 86' lang='lat' dir='ltr'>de</span> <span class='ocrx_word' id='word_1_128' title='bbox 1292 1892 1383 1943; x_wconf 77' lang='lat' dir='ltr'>eis,</span> <span class='ocrx_word' id='word_1_129' title='bbox 1445 1906 1557 1948; x_wconf 88' lang='lat' dir='ltr'>quae</span> <span class='ocrx_word' id='word_1_130' title='bbox 1595 1891 1820 1934; x_wconf 84' lang='lat' dir='ltr'>Pindarus</span> 
     </span>
     <span class='ocr_line' id='line_1_21' title="bbox 384 1968 1820 2028; baseline -0.004 -12"><span class='ocrx_word' id='word_1_131' title='bbox 384 1989 438 2016; x_wconf 81' lang='lat' dir='ltr'>ex</span> <span class='ocrx_word' id='word_1_132' title='bbox 471 1987 673 2016; x_wconf 88' lang='lat' dir='ltr'>sermone</span> <span class='ocrx_word' id='word_1_133' title='bbox 704 1972 826 2028; x_wconf 91' lang='lat' dir='ltr'>epico</span> <span class='ocrx_word' id='word_1_134' title='bbox 858 1973 939 2014; x_wconf 87' lang='lat' dir='ltr'>aut</span> <span class='ocrx_word' id='word_1_135' title='bbox 969 1986 1056 2014; x_wconf 89' lang='lat' dir='ltr'>non</span> <span class='ocrx_word' id='word_1_136' title='bbox 1086 1972 1261 2013; x_wconf 82' lang='lat' dir='ltr'>mutato</span> <span class='ocrx_word' id='word_1_137' title='bbox 1285 1973 1364 2013; x_wconf 88' lang='lat' dir='ltr'>aut</span> <span class='ocrx_word' id='word_1_138' title='bbox 1384 1969 1609 2011; x_wconf 89' lang='lat' dir='ltr'>lenissime</span> <span class='ocrx_word' id='word_1_139' title='bbox 1640 1968 1820 2012; x_wconf 79' lang='lat' dir='ltr'>variato</span> 
     </span>
     <span class='ocr_line' id='line_1_22' title="bbox 383 2045 1820 2103; baseline -0.004 -10"><span class='ocrx_word' id='word_1_140' title='bbox 383 2051 430 2093; x_wconf 91' lang='lat' dir='ltr'>in</span> <span class='ocrx_word' id='word_1_141' title='bbox 481 2065 607 2093; x_wconf 89' lang='lat' dir='ltr'>suum</span> <span class='ocrx_word' id='word_1_142' title='bbox 655 2064 784 2092; x_wconf 88' lang='lat' dir='ltr'>usum</span> <span class='ocrx_word' id='word_1_143' title='bbox 826 2048 1024 2091; x_wconf 85' lang='lat' dir='ltr'>verterit</span> <span class='ocrx_word' id='word_1_144' title='bbox 1069 2050 1116 2091; x_wconf 84' lang='lat' dir='ltr'>et</span> <span class='ocrx_word' id='word_1_145' title='bbox 1160 2062 1271 2103; x_wconf 83' lang='lat' dir='ltr'>quae</span> <span class='ocrx_word' id='word_1_146' title='bbox 1316 2048 1552 2103; x_wconf 86' lang='lat' dir='ltr'>poetarum</span> <span class='ocrx_word' id='word_1_147' title='bbox 1597 2045 1820 2101; x_wconf 85' lang='lat' dir='ltr'>epicorum</span> 
     </span>
     <span class='ocr_line' id='line_1_23' title="bbox 385 2120 1821 2182; baseline -0.005 -12"><span class='ocrx_word' id='word_1_148' title='bbox 385 2126 633 2182; x_wconf 82' lang='lat' dir='ltr'>exemplum</span> <span class='ocrx_word' id='word_1_149' title='bbox 681 2127 858 2169; x_wconf 88' lang='lat' dir='ltr'>secutus</span> <span class='ocrx_word' id='word_1_150' title='bbox 907 2125 1003 2181; x_wconf 89' lang='lat' dir='ltr'>ipse</span> <span class='ocrx_word' id='word_1_151' title='bbox 1033 2123 1284 2168; x_wconf 81' lang='lat' dir='ltr'>novaverit.</span> <span class='ocrx_word' id='word_1_152' title='bbox 1337 2125 1488 2166; x_wconf 82' lang='lat' dir='ltr'>tamen</span> <span class='ocrx_word' id='word_1_153' title='bbox 1532 2121 1734 2178; x_wconf 83' lang='lat' dir='ltr'>quaestio</span> <span class='ocrx_word' id='word_1_154' title='bbox 1766 2120 1821 2164; x_wconf 86' lang='lat' dir='ltr'>de</span> 
     </span>
     <span class='ocr_line' id='line_1_24' title="bbox 384 2198 1820 2256; baseline -0.004 -10"><span class='ocrx_word' id='word_1_155' title='bbox 384 2203 649 2246; x_wconf 79' lang='lat' dir='ltr'>elocutionis</span> <span class='ocrx_word' id='word_1_156' title='bbox 682 2202 946 2244; x_wconf 88' lang='lat' dir='ltr'>Pindaricae</span> <span class='ocrx_word' id='word_1_157' title='bbox 993 2201 1140 2243; x_wconf 89' lang='lat' dir='ltr'>colore</span> <span class='ocrx_word' id='word_1_158' title='bbox 1185 2200 1306 2256; x_wconf 90' lang='lat' dir='ltr'>epico</span> <span class='ocrx_word' id='word_1_159' title='bbox 1352 2199 1546 2242; x_wconf 88' lang='lat' dir='ltr'>nondum</span> <span class='ocrx_word' id='word_1_160' title='bbox 1590 2198 1646 2240; x_wconf 87' lang='lat' dir='ltr'>ad</span> <span class='ocrx_word' id='word_1_161' title='bbox 1691 2198 1820 2241; x_wconf 90' lang='lat' dir='ltr'>finem</span> 
     </span>
     <span class='ocr_line' id='line_1_25' title="bbox 385 2274 1820 2337; baseline -0.005 -14"><span class='ocrx_word' id='word_1_162' title='bbox 385 2280 602 2337; x_wconf 88' lang='lat' dir='ltr'>perducta</span> <span class='ocrx_word' id='word_1_163' title='bbox 634 2281 723 2333; x_wconf 81' lang='lat' dir='ltr'>est3</span> <span class='ocrx_word' id='word_1_164' title='bbox 771 2293 872 2321; x_wconf 90' lang='lat' dir='ltr'>nam</span> <span class='ocrx_word' id='word_1_165' title='bbox 906 2293 975 2320; x_wconf 92' lang='lat' dir='ltr'>me</span> <span class='ocrx_word' id='word_1_166' title='bbox 1020 2277 1164 2320; x_wconf 87' lang='lat' dir='ltr'>iudice</span> <span class='ocrx_word' id='word_1_167' title='bbox 1196 2276 1443 2333; x_wconf 80' lang='lat' dir='ltr'>exemplum</span> <span class='ocrx_word' id='word_1_168' title='bbox 1475 2275 1644 2332; x_wconf 90' lang='lat' dir='ltr'>epicum</span> <span class='ocrx_word' id='word_1_169' title='bbox 1675 2274 1820 2318; x_wconf 84' lang='lat' dir='ltr'>valuit</span> 
     </span>
     <span class='ocr_line' id='line_1_26' title="bbox 387 2352 1821 2412; baseline -0.005 -12"><span class='ocrx_word' id='word_1_170' title='bbox 387 2357 523 2400; x_wconf 88' lang='lat' dir='ltr'>etiam</span> <span class='ocrx_word' id='word_1_171' title='bbox 554 2357 600 2399; x_wconf 92' lang='lat' dir='ltr'>in</span> <span class='ocrx_word' id='word_1_172' title='bbox 632 2372 682 2399; x_wconf 91' lang='lat' dir='ltr'>eo</span> <span class='ocrx_word' id='word_1_173' title='bbox 714 2370 879 2412; x_wconf 86' lang='lat' dir='ltr'>genere</span> <span class='ocrx_word' id='word_1_174' title='bbox 911 2370 1078 2408; x_wconf 73' lang='lat' dir='ltr'>vocum,</span> <span class='ocrx_word' id='word_1_175' title='bbox 1123 2368 1234 2411; x_wconf 86' lang='lat' dir='ltr'>quae</span> <span class='ocrx_word' id='word_1_176' title='bbox 1266 2353 1426 2396; x_wconf 81' lang='lat' dir='ltr'>relicta</span> <span class='ocrx_word' id='word_1_177' title='bbox 1457 2367 1644 2409; x_wconf 87' lang='lat' dir='ltr'>prorsus</span> <span class='ocrx_word' id='word_1_178' title='bbox 1675 2352 1821 2394; x_wconf 89' lang='lat' dir='ltr'>forma</span> 
     </span>
     <span class='ocr_line' id='line_1_27' title="bbox 387 2429 1819 2490; baseline -0.004 -14"><span class='ocrx_word' id='word_1_179' title='bbox 387 2434 507 2477; x_wconf 87' lang='lat' dir='ltr'>vocis</span> <span class='ocrx_word' id='word_1_180' title='bbox 542 2434 690 2490; x_wconf 87' lang='lat' dir='ltr'>epicae</span> <span class='ocrx_word' id='word_1_181' title='bbox 724 2432 991 2475; x_wconf 87' lang='lat' dir='ltr'>sententiam</span> <span class='ocrx_word' id='word_1_182' title='bbox 1024 2431 1113 2474; x_wconf 79' lang='lat' dir='ltr'>alia</span> <span class='ocrx_word' id='word_1_183' title='bbox 1145 2430 1321 2473; x_wconf 83' lang='lat' dir='ltr'>ratione</span> <span class='ocrx_word' id='word_1_184' title='bbox 1364 2429 1641 2486; x_wconf 79' lang='lat' dir='ltr'>exprimunt3</span> <span class='ocrx_word' id='word_1_185' title='bbox 1683 2444 1717 2471; x_wconf 91' lang='lat' dir='ltr'>e.</span> <span class='ocrx_word' id='word_1_186' title='bbox 1750 2443 1819 2484; x_wconf 86' lang='lat' dir='ltr'>gr.</span> 
     </span>
     <span class='ocr_line' id='line_1_28' title="bbox 384 2506 1819 2562; baseline -0.005 -8"><span class='ocrx_word' id='word_1_187' title='bbox 384 2511 479 2554; x_wconf 88' lang='lat' dir='ltr'>dico</span> <span class='ocrx_word' id='word_1_188' title='bbox 527 2525 656 2553; x_wconf 90' lang='lat' dir='ltr'>voces</span> <span class='ocrx_word' id='word_1_189' title='bbox 689 2509 949 2552; x_wconf 87' lang='lat' dir='ltr'>Pindaricas</span> <span class='ocrx_word' id='word_1_190' title='bbox 998 2509 1269 2562; x_wconf 78' lang='grc' dir='ltr'><em>ἀδείμαντος,</em></span> <span class='ocrx_word' id='word_1_191' title='bbox 1318 2507 1504 2560; x_wconf 75' lang='grc' dir='ltr'><em>εὐαγκής</em></span> <span class='ocrx_word' id='word_1_192' title='bbox 1549 2509 1595 2549; x_wconf 91' lang='lat' dir='ltr'>et</span> <span class='ocrx_word' id='word_1_193' title='bbox 1626 2506 1819 2558; x_wconf 81' lang='grc' dir='ltr'>εὐρυλει-</span> 
     </span>
     <span class='ocr_line' id='line_1_29' title="bbox 384 2582 1822 2642; baseline -0.003 -13"><span class='ocrx_word' id='word_1_194' title='bbox 384 2589 493 2642; x_wconf 83' lang='grc' dir='ltr'><em>μών,</em></span> <span class='ocrx_word' id='word_1_195' title='bbox 541 2588 804 2642; x_wconf 83' lang='grc' dir='ltr'><em>βαθύφρων,</em></span> <span class='ocrx_word' id='word_1_196' title='bbox 853 2588 1144 2640; x_wconf 62' lang='grc' dir='ltr'>πολυφθόροις</span> <span class='ocrx_word' id='word_1_197' title='bbox 1190 2587 1236 2627; x_wconf 86' lang='lat' dir='ltr'>et</span> <span class='ocrx_word' id='word_1_198' title='bbox 1283 2583 1563 2638; x_wconf 78' lang='grc' dir='ltr'><em>ἀνδροδάμας</em></span> <span class='ocrx_word' id='word_1_199' title='bbox 1602 2582 1822 2625; x_wconf 87' lang='lat' dir='ltr'>inlocum</span> 
     </span>
     <span class='ocr_line' id='line_1_30' title="bbox 385 2659 1819 2721; baseline -0.005 -13"><span class='ocrx_word' id='word_1_200' title='bbox 385 2664 513 2721; x_wconf 86' lang='lat' dir='ltr'>quasi</span> <span class='ocrx_word' id='word_1_201' title='bbox 561 2663 794 2707; x_wconf 84' lang='lat' dir='ltr'>succedere</span> <span class='ocrx_word' id='word_1_202' title='bbox 840 2678 997 2706; x_wconf 85' lang='lat' dir='ltr'>vocum</span> <span class='ocrx_word' id='word_1_203' title='bbox 1047 2662 1271 2718; x_wconf 87' lang='lat' dir='ltr'>epicarum</span> <span class='ocrx_word' id='word_1_204' title='bbox 1327 2674 1436 2718; x_wconf 86' lang='lat' dir='ltr'>quas</span> <span class='ocrx_word' id='word_1_205' title='bbox 1483 2659 1674 2703; x_wconf 87' lang='lat' dir='ltr'>elocutio</span> <span class='ocrx_word' id='word_1_206' title='bbox 1720 2673 1819 2716; x_wconf 86' lang='lat' dir='ltr'>poe·</span> 
     </span>
    </p>
   </div>
   <div class='ocr_carea' id='block_1_5' title="bbox 399 2764 657 2770">
    <p class='ocr_par' dir='ltr' id='par_1_6' title="bbox 399 2764 657 2770">
     <span class='ocr_line' id='line_1_31' title="bbox 399 2764 657 2770; baseline 0 0"><span class='ocrx_word' id='word_1_207' title='bbox 399 2764 657 2770; x_wconf 95' lang='lat' dir='ltr'> </span> 
     </span>
    </p>
   </div>
   <div class='ocr_carea' id='block_1_6' title="bbox 483 2809 986 2855">
    <p class='ocr_par' dir='ltr' id='par_1_7' title="bbox 483 2809 986 2855">
     <span class='ocr_line' id='line_1_32' title="bbox 483 2809 986 2855; baseline 0 -11"><span class='ocrx_word' id='word_1_208' title='bbox 483 2812 516 2855; x_wconf 90' lang='grc'>1)</span> <span class='ocrx_word' id='word_1_209' title='bbox 542 2811 642 2855; x_wconf 85' lang='lat' dir='ltr'>Isylli</span> <span class='ocrx_word' id='word_1_210' title='bbox 668 2822 699 2854; x_wconf 87' lang='lat' dir='ltr'>p.</span> <span class='ocrx_word' id='word_1_211' title='bbox 732 2811 796 2843; x_wconf 68' lang='lat'>169</span> <span class='ocrx_word' id='word_1_212' title='bbox 823 2809 903 2843; x_wconf 86' lang='lat' dir='ltr'>adn.</span> <span class='ocrx_word' id='word_1_213' title='bbox 932 2812 986 2844; x_wconf 78' lang='lat'>23.</span> 
     </span>
    </p>
   </div>
   <div class='ocr_carea' id='block_1_7' title="bbox 2050 0 2111 3303">
    <p class='ocr_par' dir='ltr' id='par_1_8' title="bbox 2050 0 2111 3303">
     <span class='ocr_line' id='line_1_33' title="bbox 2050 0 2111 3303; baseline 0 0"><span class='ocrx_word' id='word_1_214' title='bbox 2050 0 2111 3303; x_wconf 95' lang='lat' dir='ltr'> </span> 
     </span>
    </p>
   </div>
  </div>
 </body>
</html>
