2111 3303
1038 197 1093 239 36

352 328 447 355 cum
488 312 708 369 perierint
752 314 823 354 tot
856 311 1053 354 carmina
1085 311 1230 367 epica,
1272 311 1494 367 perierint
1523 314 1681 368 poetae
1713 312 1789 368 qui

351 391 458 431 ante
490 388 733 430 Pindarum
778 388 963 430 fuerunt
1005 388 1141 444 lyrici
1181 402 1349 441 omnes,
1392 388 1598 444 aequales
1641 391 1790 431 autem

350 467 534 522 praeter
575 464 893 519 Bacchylidem
935 465 1031 507 fere
1074 464 1218 520 ignoti
1258 464 1349 506 sint
1388 469 1521 521 atque
1563 480 1668 506 num
1710 464 1790 508 ali-

350 556 481 598 quam
513 556 663 584 vocem
695 541 915 583 Pindarus
946 541 1185 584 novaverit
1215 555 1363 594 necne,
1405 556 1529 583 nemo
1562 544 1687 584 certa
1717 555 1789 583 ra·
1832 565 1835 567 >

350 619 476 661 tione
509 617 752 660 diiudicare
783 618 939 674 possit.
990 617 1132 659 Multo
1164 617 1307 673 pluris
1339 617 1532 660 interest
1563 632 1636 660 eos
1669 617 1789 661 locos

349 710 627 751 cognoscere,
669 695 826 750 quibus
863 694 1109 750 exemplum
1141 694 1308 751 epicum
1340 694 1468 750 quasi
1500 694 1786 748 subauditur;

350 786 479 828 quam
510 786 604 813 rem
636 773 744 813 bene
777 771 1036 813 observavit
1068 770 1312 813 scholiasta
1343 771 1399 812 ad
1432 770 1465 811 P
1495 770 1545 812 H
1565 771 1622 812 40
1651 772 1787 813 καλὸν

349 855 467 903 πῆμα
498 847 681 890 laudato
714 847 996 901 Theogoniae
1040 847 1119 890 illo
1151 848 1234 890 585
1279 849 1414 889 καλὸν
1454 849 1601 890 κακόν.
1663 848 1786 890 Raro

348 940 505 968 nomen
534 924 719 966 Homeri
751 924 933 966 additur
966 924 1081 966 sicut
1113 939 1162 966 eo
1194 924 1289 966 loco
1324 924 1377 966 de
1409 939 1493 980 quo
1527 938 1662 981 supra
1694 923 1783 980 egi-

348 1016 442 1043 mus
475 1001 511 1042 P
543 1000 612 1043 IV
644 1001 740 1053 278,
774 1000 850 1043 sed
882 1001 1038 1043 statim
1081 1001 1128 1042 in
1168 1001 1310 1043 animo
1343 1003 1586 1043 versantur
1626 1015 1783 1043 versus

346 1077 612 1120 nobilissimi
653 1077 698 1118 A
727 1077 812 1119 524
830 1092 949 1134 sqq.,
994 1092 1090 1119 cum
1121 1077 1165 1120 N
1196 1077 1219 1119 I
1252 1078 1305 1118 14
1339 1077 1484 1133 (Ζεῦς)
1525 1077 1785 1120 κατένευσεν

347 1155 394 1198 οὗ
420 1158 587 1210 χαίταις
619 1159 697 1197 aut
729 1154 758 1195 J
790 1154 909 1197 VIH
940 1155 995 1195 45
1029 1154 1277 1209 (Κρονίδαι)
1321 1153 1391 1196 ἐπὶ
1422 1155 1659 1209 γλεφάροις
1689 1161 1784 1196 νεῦ-

346 1244 429 1273 σαν
471 1232 761 1273 ἀθανάτοισιν
804 1231 1007 1286 legatur,
1054 1231 1170 1273 sicut
1210 1230 1432 1273 Hesiodeo
1473 1231 1652 1273 Amoris
1697 1231 1786 1287 epi-

345 1308 472 1351 theto
523 1310 757 1362 λυσιμελής
812 1307 995 1363 (Theog.
1043 1307 1143 1361 311)
1195 1309 1374 1350 subesse
1430 1322 1606 1349 versum
1657 1306 1783 1348 illum

347 1384 577 1440 Odysseae
610 1397 636 1426 6
667 1385 771 1426 212:
811 1392 899 1426 τῶν
932 1384 967 1426 δ’
1004 1384 1139 1426 αὐτοῦ
1172 1386 1276 1426 λύτο
1307 1384 1479 1438 γούνατ’
1515 1385 1599 1441 ἔρῳ
1631 1383 1667 1424 δ’
1702 1385 1786 1439 ἄρα

344 1463 496 1516 θυμὸν
527 1464 744 1516 ἔθελχθεν
789 1461 945 1504 statim
977 1462 1204 1504 sentimus.
1269 1460 1413 1504 Simili
1454 1460 1630 1503 ratione
1669 1459 1786 1517 quod

342 1538 512 1594 legitur
542 1538 572 1580 J
604 1538 723 1580 VIH
753 1539 806 1580 37
828 1538 944 1591 ’Ἄρει
976 1546 1122 1592 χεῖρας
1155 1537 1400 1591 ἐναλίγκιος
1443 1537 1499 1579 ad
1532 1536 1777 1593 exemplum

345 1616 494 1672 epicae
533 1614 771 1658 locutionis
801 1615 839 1657 Β
871 1616 977 1656 479ε
1009 1615 1125 1668 Ἄρει
1168 1616 1307 1669 ζώνην
1350 1615 1494 1663 ἴκελος
1539 1614 1784 1656 formatum

344 1694 416 1734 est
461 1694 508 1734 et
547 1691 761 1734 locutioni
803 1706 933 1748 quam
978 1691 1185 1734 habemus
1217 1691 1261 1733 N
1291 1691 1367 1732 HI
1398 1692 1452 1734 52
1496 1690 1549 1733 de
1580 1690 1782 1733 Achille:

343 1768 475 1812 ποσσὶ
508 1770 589 1822 γὰρ
621 1769 827 1822 κράτεσκε
859 1770 1013 1811 subest
1055 1768 1287 1825 epitheton
1329 1767 1498 1824 epicum
1540 1767 1668 1824 quale
1708 1782 1782 1810 πο-

344 1847 499 1899 δώκης,
532 1846 768 1899 ποδάρκης,
801 1847 939 1894 πόδας
972 1846 1086 1895 ὠκύς
1119 1845 1189 1887 vel
1220 1846 1352 1900 ταχύς
1372 1844 1423 1899 ¹),
1471 1847 1606 1900 atque
1649 1844 1782 1901 siqui-

343 1922 441 1965 dem
469 1925 605 1979 poeta
635 1921 664 1964 J
697 1922 763 1964 VI
795 1922 849 1963 32
896 1921 1042 1963 virum
1084 1922 1310 1978 ingentem
1353 1922 1474 1974 οὔρει
1518 1926 1615 1964 ἴσον
1660 1920 1778 1974 dicit,

344 1998 610 2041 subauditur
644 1998 813 2054 epicum
854 1997 967 2040 illud
1009 2014 1034 2039 κ
1066 1998 1170 2051 113,
1215 1998 1289 2039 ubi
1322 1997 1468 2040 Ulixis
1511 1997 1617 2040 socii
1659 1997 1779 2040 inve-

341 2076 470 2118 niunt
492 2075 788 2132 Lapitharum
819 2075 1019 2131 reginam
1052 2075 1161 2129 ὅσην
1191 2075 1221 2116 τ’
1261 2076 1386 2128 ὄρεος
1418 2077 1621 2129 κορυφήν
1652 2075 1779 2130 autf)

343 2171 355 2194 ι
391 2153 496 2207 191;
542 2152 727 2208 (lenique
767 2152 826 2194 fr.
860 2152 941 2194 182
988 2167 1074 2194 non
1121 2151 1264 2194 solum
1305 2151 1573 2194 locutionem
1613 2151 1779 2207 epicam

342 2228 375 2272 ὦ
407 2232 541 2272 πόποι
588 2244 856 2272 communem
897 2229 1033 2271 habet
1079 2244 1175 2271 cum
1219 2228 1348 2270 initio
1383 2228 1602 2271 orationis
1649 2245 1674 2269 α
1705 2228 1773 2279 32,

342 2305 420 2348 sed
470 2306 603 2349 etiam
650 2306 851 2362 cognatis
898 2306 1046 2362 aliquo
1093 2306 1220 2348 modo
1266 2305 1501 2348 sententiis
1549 2305 1778 2360 totiusque

342 2383 558 2425 orationis
590 2383 739 2425 colore
771 2398 866 2425 cum
896 2382 992 2425 loco
1026 2382 1104 2425 illo
1139 2382 1368 2437 Odysseae
1399 2381 1698 2437 coniungitur.

437 2550 470 2592 1)
499 2550 706 2594 Composuit
732 2549 1013 2593 Meylan—Faure
1038 2549 1059 2582 1.
1088 2549 1110 2583 l.
1138 2560 1170 2592 p.
1199 2550 1255 2581 58.

435 2610 471 2653 2)
498 2608 538 2642 Id
565 2608 659 2652 quod
685 2608 836 2643 adnotat
863 2608 1114 2642 Schwartzius.
