2111 3303
1009 215 1035 256 7

300 334 449 374 mento
483 331 566 372 160
596 330 663 372 ΗΖ
702 344 784 387 pro
816 329 956 378 ὕπνος
986 329 1201 371 θανάτοιο
1233 328 1430 378 κάλυψεν
1462 327 1745 384 scripserunt

299 409 422 457 τέλος
451 412 522 462 θ.;
570 406 768 449 fortasse
801 405 953 449 eadem
998 406 1175 448 ratione
1207 405 1264 446 fr.
1301 406 1320 446 1
1369 404 1629 447 Antimachi
1663 405 1743 446 sub

301 485 452 538 finem,
497 484 573 526 ubi
614 483 835 526 traditum
867 484 936 525 est
966 481 1168 536 νεοζυγὲς
1215 482 1329 536 ἅρμα
1361 482 1576 523 πελάσσαι
1622 495 1744 524 more

302 563 424 618 epico
457 561 512 616 (E
542 560 643 616 237)
677 559 958 602 scribendum
1000 564 1070 602 est
1114 558 1308 612 νεοζυγέ’
1344 558 1495 613 ἅρματ’
1547 558 1742 600 ἐλάσσαι.

302 637 524 680 Nimirum
565 637 702 680 etiam
745 636 807 679 eis
855 636 1034 679 vocibus
1085 637 1131 678 et
1176 634 1475 678 locutionibus
1524 635 1593 677 usi
1640 637 1745 677 sunt

302 717 463 772 poetae
494 714 607 770 epici
647 729 735 756 non
767 713 908 756 solum
939 712 1237 755 recentissimi
1267 711 1356 763 illi,
1402 712 1477 767 qui
1506 711 1745 754 intermor-

302 794 428 834 tuam
457 791 611 847 poesin
643 790 809 847 epicam
841 804 978 846 opera
1009 789 1161 832 dedita
1192 788 1451 841 imitantur,
1500 788 1577 831 sed
1609 789 1746 831 etiam

302 871 462 925 poetae
493 868 568 925 qui
607 870 742 910 antea
773 867 981 919 fuerunt,
1025 881 1135 922 quas
1176 881 1264 907 non
1301 866 1390 907 iam
1420 865 1746 921 intellegebant

304 948 351 988 et
382 960 432 988 eo
466 960 608 995 sensu,
641 960 725 1001 quo
758 944 1112 999 explicabantur,
1155 943 1461 999 usurpabant,
1511 942 1633 985 cuius
1678 942 1748 985 rei

304 1022 506 1078 exempla
537 1024 662 1064 certa
683 1022 872 1078 praebet
892 1020 1186 1063 Antimachus
1202 1020 1233 1075 1)
1267 1022 1315 1062 et
1346 1020 1399 1062 de
1422 1034 1508 1076 qua
1540 1019 1746 1062 conferas

305 1098 728 1154 VVackernagelium
741 1097 771 1153 2)
794 1100 900 1154 post
911 1096 1310 1140 VVilamowitzium
1322 1095 1353 1152 3)
1377 1097 1746 1152 disputatantem.

419 1175 507 1218 Sed
536 1175 647 1218 haec
665 1175 897 1218 mittamus
930 1177 1064 1231 atque
1096 1176 1266 1230 quanta
1297 1173 1437 1216 fuerit
1470 1173 1537 1216 vis
1571 1176 1617 1216 et
1648 1187 1748 1216 auc-

305 1253 472 1296 toritas
505 1252 769 1295 elocutionis
803 1252 951 1309 epicae
996 1277 1046 1281 —
1088 1265 1190 1294 nam
1221 1265 1406 1308 poeseos
1451 1251 1599 1307 epicae
1631 1250 1747 1292 anti-

306 1330 476 1387 quioris
508 1344 640 1372 unam
671 1329 818 1372 dicere
850 1329 1142 1372 elocutionem
1187 1328 1312 1370 nobis
1352 1327 1489 1370 licere
1529 1327 1748 1370 contendo

306 1432 363 1439 --
393 1422 480 1449 non
521 1406 663 1449 solum
703 1406 748 1448 in
790 1405 1114 1448 recentioribus
1148 1404 1342 1447 eiusdem
1373 1404 1550 1459 generis
1593 1403 1749 1446 carmi-

305 1485 447 1538 nibus,
483 1484 560 1526 sed
591 1484 726 1526 etiam
756 1483 802 1525 in
835 1483 921 1524 alio
954 1497 1139 1538 prorsus
1172 1496 1336 1538 genere
1369 1481 1670 1523 examinemus
1702 1481 1749 1522 in

307 1561 570 1604 elocutionis
588 1560 853 1603 Pindaricae
876 1559 1024 1602 colore
1047 1559 1182 1616 epico⁷
1218 1574 1346 1615 quem
1376 1558 1473 1601 fere
1504 1573 1593 1601 non
1624 1571 1749 1599 cura-

306 1641 472 1682 verunt
512 1638 587 1695 qui
629 1638 683 1680 de
721 1637 912 1680 dialecto
956 1642 1034 1679 aut
1078 1636 1131 1679 de
1175 1636 1424 1679 elocutione
1470 1635 1751 1692 scripserunt

306 1715 558 1769 Pindarica,
593 1730 689 1757 cum
720 1715 842 1757 inter
875 1729 1022 1757 omnes
1046 1716 1277 1756 constaret
1307 1713 1453 1756 inesse
1483 1713 1530 1754 in
1551 1711 1750 1755 Pindaro

308 1793 570 1835 elocutionis
595 1792 744 1848 epicae
767 1791 962 1847 vestigia
984 1791 1095 1834 satis
1121 1790 1265 1833 multa
1297 1792 1344 1832 et
1374 1804 1500 1832 nemo
1534 1789 1580 1831 ni
1611 1788 1751 1831 fallor

308 1885 393 1912 non
442 1869 504 1912 eis
554 1869 879 1919 subscriberet,
927 1883 1038 1924 quae
1089 1867 1375 1910 Godofredus
1421 1866 1704 1909 Hermannus
1718 1865 1752 1921 4)

308 1947 425 1989 dixit
456 1946 509 1988 de
541 1946 732 1989 dialecto
766 1945 1002 1987 Pindarico
1035 1945 1178 2001 epico,
1225 1944 1303 1987 sed
1334 1943 1528 1986 colorem
1557 1943 1753 1985 habente

309 2023 514 2077 Doricae,
552 2023 778 2065 interdum
810 2022 945 2065 etiam
974 2021 1186 2064 Aeolicae
1215 2021 1410 2076 linguae,
1453 2020 1568 2063 sicut
1599 2019 1751 2062 verbis

310 2100 556 2143 Hermanm'
596 2100 862 2156 subscripsit
877 2099 908 2154 5)
950 2099 1021 2141 vir
1065 2113 1256 2141 summus
1289 2098 1526 2153 Augustus
1557 2096 1751 2149 Boeckh,

408 2204 441 2245 1)
469 2201 527 2234 Fr.
557 2204 597 2235 71
622 2199 737 2240 Ἀιδὸς
762 2200 860 2235 θοὸν
894 2200 1030 2245 δόμον,
1073 2199 1168 2243 quod
1203 2202 1432 2233 mutaverunt
1467 2197 1671 2242 Koechlyus
1717 2200 1754 2231 et

310 2268 512 2310 Kinkelius,
550 2268 710 2310 quamvis
738 2274 889 2312 propter
925 2269 1017 2302 hum·
1043 2268 1161 2311 ipsum
1188 2267 1283 2301 vocis
1320 2276 1414 2308 quae
1449 2269 1504 2300 est
1529 2263 1622 2304 θοός
1648 2275 1753 2298 usum

309 2334 479 2369 laudetur
516 2334 775 2378 fragmentum3
816 2346 920 2368 usum
958 2335 1116 2378 explicat
1157 2334 1276 2378 Etym.
1315 2334 1487 2376 Magnum
1514 2343 1541 2366 s.
1580 2344 1611 2366 v.
1647 2329 1752 2374 θοός,

311 2402 373 2435 ubi
397 2402 505 2436 haec:
542 2403 713 2446 σημαίνει
738 2399 848 2435 πέντε
887 2413 966 2435 cum
1002 2401 1074 2435 alia
1113 2407 1188 2434 tum
1226 2402 1327 2439 θοῶς
1354 2400 1386 2432 δ’
1414 2396 1476 2433 ἐπὶ
1507 2398 1642 2443 δεσμὸν
1669 2399 1754 2441 ἴηλα

313 2470 356 2512 (φ
383 2469 467 2513 241)
494 2467 580 2502 ἀντὶ
613 2473 679 2502 τοῦ
714 2468 910 2511 ἀσφαλῶς,
947 2465 986 2502 ἐκ
1014 2466 1054 2502 δὲ
1080 2467 1211 2502 τούτου
1244 2467 1285 2500 τὸ
1322 2463 1475 2508 ἑδραῖον
1513 2464 1577 2499 καὶ
1614 2461 1653 2499 ἐκ
1688 2469 1755 2498 τοῦ

315 2531 466 2578 ἕδραιόυ
492 2534 533 2569 τὸ
561 2533 720 2580 ἰσχυρόν.

408 2603 445 2646 2)
471 2602 597 2636 Kuhns
624 2600 836 2636 Zeitschrift
862 2604 905 2636 33
930 2613 964 2646 p.
992 2603 1047 2635 50.

409 2670 446 2712 3)
472 2669 572 2713 Isylli
598 2680 631 2712 p.
661 2670 736 2710 112,
763 2668 940 2702 Herakles
968 2668 1018 2700 II*2
1043 2679 1075 2711 p.
1104 2670 1183 2701 253.

409 2737 447 2779 4)
474 2734 571 2769 Edit.
599 2735 711 2779 Heyn.
739 2735 790 2768 III
818 2746 850 2778 p.
879 2736 958 2768 252.

410 2804 445 2847 5)
475 2801 572 2836 Edit.
599 2801 700 2835 Pind.
720 2802 737 2835 I
760 2804 780 2835 2
806 2813 839 2845 p.
856 2804 922 2835 252
951 2801 1079 2846 („nihil
1106 2804 1227 2844 potest
1254 2800 1309 2835 his
1336 2799 1455 2834 verbis
1484 2799 1603 2833 verius
1633 2797 1754 2843 dici“).
