2111 3303
1017 233 1069 273 16

328 353 467 402 θυμοι
500 357 640 402 φῶτες
671 351 718 390 et
755 351 803 388 Ψ
828 349 910 389 512
942 349 982 390 ὑ.
1015 349 1173 403 ἕταροι,
1207 365 1247 391 V.
1280 349 1334 391 25
1361 349 1541 403 Ἀργοῦς
1571 355 1683 399 θοᾶς
1714 352 1761 393 et

331 425 470 471 Ξ416
500 431 608 472 ναῦς
629 429 689 477 iffi,
722 440 762 466 v.
785 425 840 465 72
873 425 1049 478 ἀγαυῶν
1075 426 1289 467 Αἰολιδᾶν
1321 428 1366 467 et
1391 441 1432 467 V.
1456 426 1538 468 304
1571 429 1760 480 Φαίηκες

330 501 510 554 ἀγαυοί,
558 516 597 541 v.
631 501 715 542 210
746 500 919 554 ἀνέμων
959 504 1100 556 στίχες
1139 504 1185 544 et
1216 506 1256 542 A
1287 502 1372 543 250
1412 499 1553 556 στίχες
1584 503 1759 556 ἅνδρῶν

331 577 513 631 similia3
561 592 646 633 quo
677 577 818 632 magis
849 578 1062 619 miramur
1094 580 1251 634 aperte
1282 579 1336 620 ab
1369 593 1452 620 usu
1489 578 1611 634 epico
1644 593 1762 621 rece-

328 654 433 696 dere
465 656 700 696 ventorum
732 653 963 710 epitheton
993 670 1033 697 v.
1067 654 1151 696 210
1182 655 1506 708 βαρύγδουπος,
1555 654 1671 710 quod
1702 656 1757 697 ab

329 730 552 773 locutione
599 731 721 785 epica
767 730 925 784 λιγέων
966 731 1138 784 ἀνέμων
1179 731 1234 786 (Ξ
1276 730 1340 785 17)
1389 731 1540 773 eadem
1585 731 1761 773 ratione

330 807 474 850 distat
503 822 590 863 qua
621 822 783 850 nervus
817 822 965 859 arcus,
1010 808 1084 864 qui
1115 808 1310 850 Pindaro
1343 809 1663 862 βαρύφθογγος
1693 810 1764 850 est

331 885 380 935 (J
403 884 471 927 VI
497 885 581 939 34),
614 899 710 926 oum
730 884 1024 941 Bacchylides
1049 900 1145 927 eum
1169 888 1438 939 λιγυκλαγγῆ
1462 885 1581 927 dicat
1612 884 1670 940 (V
1688 885 1762 937 72)

331 961 567 1004 secundum
599 961 767 1016 epicum
798 961 910 1003 illud
942 978 974 1016 φ
1006 961 1114 1012 411,
1158 961 1234 1003 ubi
1273 961 1395 1004 canit
1434 976 1598 1003 nervus
1631 975 1761 1003 arcus

331 1039 525 1094 χελιδόνι
557 1037 699 1091 εἰκέλη
731 1037 894 1092 αὐδήν;
929 1039 1081 1080 obstat
1113 1041 1261 1081 autem
1293 1053 1380 1080 vox
1411 1053 1437 1080 a
1459 1038 1654 1080 Pindaro
1688 1053 1762 1080 no-

331 1117 440 1157 vata
469 1113 505 1155 P
536 1114 604 1155 XI
635 1115 688 1156 23
720 1115 1034 1169 βαρυπάλαμος
1052 1115 1104 1170 1),
1152 1115 1381 1169 quominus
1423 1115 1616 1157 dieamus
1662 1115 1762 1156 Pin-

334 1192 491 1234 darum
520 1191 589 1233 his
621 1191 801 1233 vocibus
834 1206 860 1234 a
891 1194 1021 1246 βαρυ-
1053 1192 1366 1247 incipientibus
1398 1191 1465 1234 ita
1494 1207 1621 1234 usum
1653 1207 1761 1243 esse,

330 1275 381 1310 ut
413 1268 562 1311 deleta
594 1268 916 1324 significatione
948 1268 1093 1325 partis
1117 1268 1280 1324 prioris
1305 1270 1401 1310 fere
1422 1268 1536 1310 idem
1559 1268 1766 1311 valerent

334 1345 456 1388 Iovis
489 1345 692 1401 epitheta
723 1345 890 1402 epicum
920 1346 1192 1399 ἐρίγδουπος,
1226 1345 1511 1387 Pindaricum
1534 1345 1585 1399 (O
1606 1345 1674 1387 VI
1692 1345 1763 1398 81)

333 1423 654 1477 βαρύγόουπος.

450 1499 574 1542 Sicut
606 1498 849 1541 scholiasta
872 1499 1253 1554 interrogationes
1276 1515 1316 1541 v.
1339 1499 1394 1541 70
1418 1498 1632 1554 Ὁμηρικῷ
1653 1501 1764 1555 ζήλῳ

333 1576 504 1632 positas
537 1591 632 1619 esse
663 1576 906 1625 contendit,
939 1591 978 1617 v.
1004 1576 1057 1618 95
1091 1575 1223 1618 simili
1255 1575 1505 1618 imitatione
1536 1590 1624 1617 vox
1655 1589 1766 1631 quae

334 1658 404 1695 est
444 1654 648 1695 σπεύδων
688 1653 986 1709 interpretari
1030 1652 1209 1695 videtur
1253 1667 1347 1695 eam
1391 1667 1501 1707 quae
1542 1651 1767 1694 antecedit

333 1731 670 1784 προτροπάδαν;
719 1744 847 1786 quam
889 1745 982 1771 rem
1025 1730 1217 1772 Homero
1260 1734 1411 1771 notam
1454 1743 1548 1770 esse
1591 1728 1767 1770 demon-

336 1810 487 1849 strant
519 1806 604 1849 loci
634 1806 787 1862 quales
822 1812 924 1849 sunt
957 1810 996 1847 Γ
1013 1807 1097 1848 387
1129 1809 1357 1862 εἰροκόμῳ,
1390 1807 1414 1860 ἤ
1449 1841 1456 1848 .
1492 1839 1499 1847 .
1534 1839 1541 1847 .
1576 1838 1584 1847 .
1617 1807 1767 1859 ἤσκειν

333 1888 446 1937 εἴρια
477 1884 587 1925 καλά
619 1884 754 1925 K375
787 1886 1056 1937 βαμβαίνων,
1089 1885 1252 1937 ἄραβος
1284 1882 1335 1924 δέ
1365 1917 1371 1924 .
1398 1916 1406 1925 .
1434 1917 1441 1924 .
1476 1883 1605 1936 γίνετ’
1641 1883 1766 1924 ὀδόν-

333 1977 421 2002 των
454 1965 501 2002 Π
526 1961 610 2002 403
643 1960 781 2016 0225593
826 1961 871 2002 ἐκ
903 1961 985 2015 γὰρ
1017 1963 1160 2015 πλήγη
1193 1961 1358 2015 φρένας
1389 1963 1427 2000 Λ
1459 1960 1513 2001 36
1544 1962 1768 2014 βλοσυρῶ-

337 2054 430 2091 πις,
463 2039 612 2080 δεινὸν
644 2039 905 2092 δερκομένη;
954 2037 1199 2094 exemplum
1242 2036 1435 2079 eiusdem
1472 2036 1538 2078 rei
1568 2035 1767 2090 Aeschy-

335 2115 451 2157 leum
486 2114 600 2157 addo
624 2114 776 2171 Suppl.
796 2115 891 2166 388,
925 2115 999 2156 ubi
1030 2114 1086 2156 ad
1118 2113 1404 2168 ἑτερορρεπής
1436 2115 1557 2155 recte
1579 2112 1769 2155 adnotat

337 2191 603 2235 scholiasta:
638 2193 768 2241 αὐτὸς
795 2193 868 2246 (sc.
892 2192 937 2232 in
960 2191 1021 2233 eis
1045 2206 1156 2247 quae
1180 2192 1444 2247 sequuntur)
1477 2190 1768 2244 ἐπεξηγήσατο

335 2272 380 2310 τί
408 2269 527 2311 ἐστιν
559 2268 589 2310 ἑ.
666 2269 912 2311 Praeterea
943 2268 1073 2324 plane
1106 2283 1158 2309 ex
1189 2282 1271 2309 usu
1305 2267 1425 2323 epieo
1458 2266 1648 2308 redeunt
1678 2265 1770 2308 for-

337 2346 500 2399 mulae,
536 2362 575 2388 v.
611 2346 693 2387 184.
726 2345 977 2400 ἡμιθέοισιν
1009 2347 1156 2386 πόθον
1187 2345 1361 2385 ἔνδαιεν
1394 2345 1440 2385 et
1469 2358 1511 2385 V.
1535 2342 1619 2384 218
1652 2344 1769 2397 ὄφρα

427 2457 434 2465 .
468 2424 668 2465 ποθεννὰ
684 2422 836 2471 Ἑλλάς
869 2455 876 2463 .
909 2455 917 2463 .
949 2421 1186 2476 καιομέναν
1219 2420 1365 2463 δονέοι
1398 2422 1443 2462 et
1475 2435 1516 2462 V.
1541 2419 1619 2461 149
1650 2422 1769 2473 βοῶν

337 2501 503 2552 ξανθὰς
546 2499 721 2553 ἀγέλας,
771 2515 810 2542 v.
843 2499 927 2541 205
971 2502 1180 2553 φοίνισσα
1224 2497 1356 2551 ἀγέλα
1396 2498 1589 2551 ταύρωνς
1659 2510 1769 2553 quae

337 2577 537 2633 exempla
581 2579 779 2619 extremo
820 2576 915 2618 loco
958 2575 1106 2632 posita
1146 2575 1278 2617 etiam
1311 2574 1433 2617 aliud
1464 2573 1671 2615 indicium
1703 2587 1772 2615 co-

436 2689 468 2725 1)
496 2686 594 2728 Quae
620 2684 665 2718 ad
691 2685 906 2718 locutionem
934 2684 1070 2728 epicam
1097 2683 1189 2717 redit
1209 2686 1236 2717 A
1260 2686 1327 2717 219
1353 2687 1457 2727 χεῖρα
1484 2683 1651 2728 βαρεῖαν,
1678 2681 1772 2715 sicut

336 2751 471 2785 fulmen
499 2751 527 2785 O
554 2752 585 2785 X
612 2754 657 2785 80
682 2751 814 2785 dicitur
841 2751 940 2785 Jovis
967 2750 1215 2794 πυρπάλαμον
1243 2748 1364 2795 βέλος,
1401 2749 1510 2783 telum
1537 2747 1631 2791 quod
1658 2747 1770 2791 igneis

337 2818 488 2860 corripit
514 2819 669 2852 lacertis.
