2111 3303
1059 212 1115 253 48

367 330 448 370 aut
478 327 696 381 variavit,
730 342 861 368 unum
895 342 1048 369 moneo
1089 342 1237 370 vocem
1262 342 1372 384 quae
1395 334 1464 371 est
1483 331 1799 386 χαλκοπάρᾳος,

366 418 495 460 quam
517 404 736 446 Homerus
770 404 878 446 bene
908 404 1066 459 galeae
1095 404 1261 446 tribuit
1274 404 1313 457 1),
1347 405 1585 447 Pindarum
1608 406 1659 461 (P
1682 407 1706 448 Ι
1728 408 1795 459 44,

363 480 406 522 N
439 480 529 522 VII
561 480 631 533 71)
664 479 780 536 quod
817 480 980 522 mirere
1011 479 1167 523 hastae
1199 481 1402 524 tribuere
1436 487 1481 524 et
1513 496 1565 524 ea
1594 497 1706 539 quae
1735 483 1799 526 le-

368 558 539 612 guntur
562 556 591 598 J
614 557 706 599 VH
729 556 784 597 44
805 558 1074 611 χαλκόπεδος
1103 557 1210 610 ἕδρα
1239 562 1360 599 θεῶν
1392 558 1538 600 redire
1571 559 1627 600 ad
1649 560 1689 600 A.
1715 560 1799 603 426
1822 559 1824 561 ’

364 635 475 681 Διὸς
517 632 780 687 χαλκοβατὲς
826 634 900 683 δῶ,
949 633 1067 689 quod
1098 633 1320 676 Pindarus
1366 634 1699 690 interpretatur
1744 636 1798 679 de

365 708 458 751 solo
492 711 538 751 et
569 709 824 765 pavimento
866 724 1000 752 aeneo
1042 710 1450 753 contradicentibus
1492 715 1538 753 et
1569 717 1609 753 Δ
1640 712 1666 753 2
1697 730 1799 768 χρυ-

363 786 447 842 σέῳ
492 786 539 827 ἐν
583 786 757 842 δαπέδῳ
805 788 850 828 et
897 786 1031 828 schol.
1073 787 1110 827 B
1143 786 1179 828 Τ
1210 787 1264 828 ad
1298 788 1339 829 A
1370 787 1453 829 426
1495 794 1541 830 et
1573 789 1798 844 Hesychio

363 865 408 904 et
444 862 674 918 Apollonii
705 862 846 905 lexico
881 863 1127 913 Homerico,
1162 864 1283 906 euius
1315 866 1453 907 verba
1486 879 1617 907 sensu
1649 880 1799 908 caren-

363 938 431 981 tia
468 941 650 993 ἰσχυρὸν
697 938 767 981 καὶ
816 941 1002 994 βεβηκός
1052 940 1217 982 collato
1249 941 1475 995 Hesychio
1521 941 1567 983 in
1612 944 1801 998 ἰσχυρῶς

365 1017 551 1069 βεβηκός
579 1015 793 1058 mutanda
820 1019 935 1058 sunt.
999 1016 1200 1059 Novavit
1230 1019 1375 1059 autem
1410 1017 1628 1061 Pindarus
1669 1034 1798 1061 voces

365 1091 554 1148 speciem
596 1092 928 1148 significantes,
975 1092 1016 1134 h.
1061 1108 1096 1136 e.
1141 1096 1297 1150 partes
1341 1094 1429 1136 viri
1475 1096 1650 1149 armati,
1696 1095 1798 1139 has:

367 1170 682 1224 χαλκάρματος,
713 1170 964 1224 χάλκασπις,
989 1174 1289 1224 χαλκομίτρας,
1307 1172 1578 1226 χαλκότοξος,
1599 1172 1800 1227 Bacchy-

366 1245 478 1288 lides
512 1261 608 1288 oum
640 1247 855 1302 praebeat
886 1249 1225 1302 χαλκεόκρανοςς
1259 1249 1312 1290 ab
1334 1247 1482 1290 altera
1502 1251 1633 1304 parte
1657 1249 1801 1291 virum

367 1324 587 1364 armatum
630 1322 884 1378 significant
914 1323 1102 1365 Pindari
1144 1338 1272 1367 voces
1316 1339 1458 1367 novae
1489 1329 1725 1380 χαλκεντής
1755 1328 1802 1368 et

367 1400 681 1454 χαλκοχάρμας,
728 1414 915 1455 quarum
962 1400 1126 1443 similes
1175 1403 1280 1443 sunt
1316 1401 1586 1458 Euripideae
1626 1406 1801 1458 χαλκεο-

369 1478 522 1530 τευχής
553 1481 599 1518 et
630 1477 896 1531 χαλκεόπλος
928 1484 972 1520 et
1005 1492 1177 1533 pugnae
1204 1478 1434 1534 epitheton
1456 1478 1801 1534 Bacchylideum

369 1555 698 1608 χαλκεόκτοπος,
732 1554 800 1596 eui
834 1555 987 1596 subest
1017 1554 1184 1597 locutio
1217 1555 1340 1610 epica
1371 1556 1550 1610 χάλκεος
1569 1556 1710 1610 Ἄρης.

483 1631 720 1672 Materiam
752 1630 885 1673 vilem
919 1634 969 1673 ut
1002 1631 1194 1687 excipiat
1226 1632 1562 1687 pretiosissima,
1601 1633 1655 1675 de
1686 1633 1801 1675 voci-

365 1708 446 1749 bus
492 1722 589 1750 cum
636 1721 745 1750 auro
795 1708 1048 1764 compositis
1096 1712 1295 1751 extremo
1341 1709 1467 1751 huius
1515 1709 1673 1766 capitis
1705 1709 1801 1751 loco

368 1799 509 1840 pauca
539 1785 748 1840 proferre
779 1785 824 1827 in
855 1786 998 1827 animo
1032 1788 1113 1828 est.
1175 1786 1393 1828 Nimirum
1418 1802 1503 1827 non
1523 1787 1560 1828 is
1588 1801 1694 1840 sum,
1729 1787 1804 1843 qui

369 1861 513 1904 omnia
553 1861 754 1918 epitheta
785 1877 900 1904 nova
948 1865 994 1904 et
1024 1862 1209 1905 Pindari
1240 1865 1286 1905 et
1319 1862 1604 1918 Bacchylidis
1636 1863 1803 1905 talibus

369 1938 415 1980 in
446 1938 626 1981 vocibus
666 1938 989 1981 luxuriantium
1022 1940 1091 1981 hic
1130 1954 1373 1995 proponam
1386 1956 1393 1993 3
1441 1943 1614 1996 partem
1662 1940 1804 1983 solum

369 2030 422 2057 ex
454 2029 613 2071 magno
646 2015 724 2057 illo
770 2031 952 2058 numero
1000 2030 1264 2072 cognoscere
1306 2016 1377 2059 hic
1408 2022 1565 2059 nostra
1594 2017 1801 2070 interest,

370 2091 465 2134 dico
499 2107 572 2134 eas
605 2107 747 2146 voces,
781 2107 892 2149 quae
923 2093 1189 2150 principium
1220 2096 1382 2150 petunt
1418 2095 1472 2136 ab
1504 2094 1625 2150 epico
1657 2093 1803 2137 Vene—

368 2169 432 2211 ris
465 2169 663 2224 epitheto
697 2169 870 2224 χρυσέη,
905 2169 1020 2225 quod
1050 2170 1384 2226 interpretatur
1416 2185 1451 2212 e.
1481 2185 1548 2226 gr.
1573 2170 1802 2227 Apollonii

367 2245 441 2288 lex
486 2245 614 2288 Hom.
665 2246 885 2300 r‘Jxocstffl),
936 2247 1011 2303 qui
1057 2262 1160 2289 usus
1207 2247 1344 2289 latius
1394 2250 1670 2303 propagatus
1719 2251 1800 2290 est.

368 2321 483 2364 Sunt
529 2322 723 2365 Pindaro
775 2325 1011 2376 „aureae“,
1058 2323 1140 2366 hoc
1186 2326 1256 2366 est
1301 2323 1512 2379 pulchrae
1560 2323 1595 2365 O
1627 2323 1744 2365 XIII
1776 2324 1802 2365 7

368 2400 521 2448 παῖδες
552 2399 748 2453 Θέμιτος,
795 2400 838 2441 N
869 2400 911 2442 V
944 2401 968 2441 7
1001 2400 1231 2453 Nereides,
1279 2400 1309 2443 J
1340 2400 1386 2441 H
1424 2402 1478 2442 26
1510 2399 1729 2452 Victoria,
1769 2399 1798 2443 J

465 2585 497 2626 1)
524 2582 639 2616 Miror
674 2583 917 2617 Hermannum
956 2584 1046 2618 hanc
1086 2595 1206 2618 voc-em
1245 2595 1315 2618 non
1355 2583 1573 2626 adhibuisse,
1608 2588 1646 2618 ut
1682 2594 1801 2618 veram

367 2659 467 2683 suam
495 2650 585 2693 hym.
615 2650 706 2684 hom.
735 2650 864 2692 XXXI,
896 2654 932 2684 11
962 2651 1299 2694 interpretationem
1327 2649 1482 2684 fulciret.

462 2718 498 2759 2)
527 2716 593 2749 Vix
621 2721 718 2751 recte
744 2717 1023 2761 B‘Ieylan-Faure
1049 2717 1071 2752 l.
1099 2717 1119 2751 l.
1148 2729 1180 2761 p.
1209 2721 1252 2752 39
1288 2716 1331 2751 de
1358 2717 1459 2757 signo
1495 2717 1583 2751 deae
1610 2728 1718 2751 aureo
1746 2728 1802 2752 co-

367 2782 458 2824 gitat
487 2783 592 2827 „chez
619 2783 671 2817 les
697 2783 943 2818 Pl]‹'=ni‹·iens“.
