2111 3303
1048 194 1099 236 18

470 309 610 352 Usum
642 311 810 366 epicum
842 310 976 352 etiam
1006 309 1088 352 hac
1118 309 1164 350 in
1186 324 1235 351 re
1262 309 1464 365 sequitur
1488 309 1792 365 Bacchylides,

357 385 432 442 qui
463 401 516 428 ex
549 386 862 430 observatione
883 386 1110 428 Prenticei
1141 385 1214 428 1.1.
1238 401 1278 442 p.
1302 386 1356 428 56
1388 401 1561 442 semper
1591 386 1792 443 picturas

357 467 462 504 ante
494 462 640 504 oculos
674 463 832 519 ponit,
857 476 998 518 saepe,
1033 462 1078 504 is]
1109 462 1225 517 quod
1256 463 1447 518 probare
1478 466 1666 518 possunt
1700 478 1793 506 car-

357 537 483 580 minis
514 537 627 579 XVI
658 537 834 580 initium
865 544 911 580 et
942 554 983 580 v.
1017 538 1071 579 97
1087 552 1204 593 sqq.,
1249 537 1305 579 fr.
1343 538 1406 587 17,
1440 538 1517 580 alii
1548 538 1646 592 loci,
1680 539 1793 581 colo·
1828 560 1830 562 ’

356 614 477 655 ribus
521 613 636 656 vivis
678 617 883 669 ornatas3
932 616 1089 656 contra
1128 613 1349 656 Pindarus
1393 629 1488 656 cum
1530 615 1592 657 sit
1632 630 1792 671 parcus

356 690 625 743 colorum1),
673 691 718 732 in
763 691 843 733 hoc
884 694 1046 747 quarto
1079 690 1349 746 Pythiorum
1390 691 1582 734 carmine
1625 692 1793 748 copiam

354 781 508 809 vocum
549 767 605 809 ad
647 767 818 810 colores
858 767 1181 824 pertinentium
1223 767 1417 823 largitus
1459 770 1539 810 est.
1614 767 1710 821 Quo
1747 767 1793 810 in

353 858 535 886 numero
577 847 681 887 sunt
723 844 871 900 epicae
911 844 1075 895 ξανθός
1118 846 1371 899 πορφύρεος
1410 848 1644 899 φοίνισσα,
1692 845 1791 891 aliis

355 921 508 963 subest
539 921 785 976 exemplum
817 920 986 977 epicum
1018 921 1132 964 sicut
1169 937 1210 963 v.
1243 921 1327 962 232
1359 923 1544 974 κροκόεν
1576 917 1674 976 εἷμα
1718 922 1793 976 (si-
1842 955 1851 961 ,

352 996 447 1038 mili
491 997 668 1040 ratione
710 997 750 1039 N
782 998 806 1039 Ι
837 998 892 1039 38
936 999 1159 1051 κροκωτὸν
1201 997 1473 1053 σπάργανον)
1521 998 1577 1040 ad
1623 999 1792 1054 epicum

353 1073 585 1129 epitheton
617 1076 918 1128 κροκόπεπλος
948 1074 1081 1117 redit.
1143 1074 1373 1130 Perpauca
1404 1075 1642 1118 novavisse
1673 1075 1792 1118 vide-

353 1153 430 1192 tur
462 1150 684 1192 Pindarus
716 1151 762 1192 in
794 1150 873 1193 hoc
904 1151 1079 1207 quidem
1109 1166 1296 1207 genere;
1345 1151 1544 1207 equidem
1576 1151 1687 1193 nihil
1718 1152 1792 1194 ha-

352 1228 431 1270 beo
463 1227 580 1283 quod
625 1227 850 1283 proferam
891 1230 1075 1283 praeter
1121 1228 1240 1270 veris
1287 1228 1519 1284 epitheton
1560 1228 1791 1284 pulchrum

352 1319 394 1346 v.
427 1304 482 1346 64
513 1305 886 1359 φοινικανθεμος,
919 1304 1034 1360 quod
1066 1319 1163 1346 cum
1195 1304 1411 1347 similibus
1434 1330 1488 1334 ——
1512 1307 1791 1359 φοινικόκρο-

350 1396 426 1430 κος
458 1380 493 1423 O
517 1381 586 1422 VI
602 1381 669 1433 39,
703 1383 988 1434 φοινικόπεζα
1021 1381 1056 1422 Ο
1076 1381 1141 1423 VI
1163 1382 1229 1434 94,
1265 1383 1578 1436 φοινικόροδος
1608 1382 1665 1423 fr.
1695 1381 1789 1433 129,

352 1459 747 1510 φοινικοστερόπας
779 1457 813 1499 Ο
844 1457 912 1499 IX
944 1458 994 1510 6,
1039 1461 1278 1515 praeterea
1321 1458 1627 1501 emendatione
1668 1461 1792 1500 certa

351 1534 660 1588 φοινικοέανος
690 1534 747 1577 fr.
767 1536 834 1587 75,
852 1535 904 1576 14
923 1561 974 1564 —
991 1535 1193 1591 sequitur
1218 1536 1464 1592 exemplum
1486 1535 1654 1592 epicum
1676 1535 1791 1591 quod

350 1625 436 1652 non
468 1613 734 1667 receperunt
763 1614 923 1667 poetae
954 1612 1226 1654 recentiores
1259 1613 1637 1667 φοινικοπάρηιος.

467 1687 608 1741 Quam
638 1702 798 1744 parcus
831 1688 1027 1731 colorum
1059 1689 1121 1731 sit
1141 1688 1363 1731 Pindarus
1395 1691 1599 1746 apertum
1630 1689 1683 1730 fit
1705 1689 1792 1731 col-

353 1764 447 1807 lato
469 1764 753 1820 Bacchylide,
790 1765 862 1822 qui
893 1765 1014 1808 illius
1046 1766 1224 1822 generis
1257 1769 1473 1822 quattuor
1504 1781 1634 1809 voces
1666 1779 1792 1821 prae-

352 1843 428 1884 bet
486 1855 624 1884 novas
687 1842 989 1897 φοι]νίκασπις
1037 1844 1321 1898 φοινικόθριξ
1368 1843 1792 1897 φοινικοκροίδεμνος

353 1920 673 1970 φοινικόνωτος
705 1921 750 1961 et
781 1921 834 1961 ut
865 1919 918 1961 de
947 1919 1160 1962 universa
1201 1935 1249 1962 re
1292 1919 1434 1962 dicam
1464 1921 1644 1962 vocibus
1676 1919 1792 1962 colo-

349 2009 443 2038 rem
473 1995 760 2051 pingentibus
792 1996 1012 2049 abundat,
1056 1997 1177 2039 inter
1219 2012 1327 2053 quas
1360 1997 1452 2040 eius
1483 1996 1694 2054 propriae
1725 1996 1790 2039 vi-

349 2072 513 2114 dentur
545 2087 641 2115 esse
673 2073 871 2116 colorum
901 2088 1030 2116 voces
1062 2074 1345 2130 compositae,
1378 2074 1473 2117 dico
1495 2076 1679 2131 praeter
1702 2088 1788 2126 eas,

348 2164 460 2205 quae
492 2163 586 2191 cum
618 2150 709 2192 albi
741 2152 788 2192 et
817 2150 937 2206 nigri
978 2150 1140 2194 coloris
1174 2151 1352 2194 vocibus
1384 2151 1655 2207 compositae
1687 2154 1791 2194 sunt

349 2228 484 2282 atque
517 2227 651 2269 etiam
692 2228 810 2284 apud
843 2227 1081 2270 Pindarum
1125 2230 1388 2281 occurrunt,
1437 2231 1484 2271 et
1525 2243 1652 2271 voces
1694 2243 1789 2271 cum

348 2306 530 2356 γλαυκο-
564 2304 844 2361 compositas,
877 2318 986 2361 quas
1019 2304 1074 2347 ad
1107 2305 1399 2361 splendorem,
1432 2320 1520 2348 non
1541 2305 1597 2348 ad
1618 2307 1788 2348 certum

445 2488 478 2530 l)
507 2486 729 2530 Quamquam
765 2489 899 2532 optime.
935 2489 1234 2524 Wilamowitzius
1263 2490 1361 2534 Isylli
1400 2502 1432 2534 p.
1464 2492 1528 2525 165
1555 2489 1634 2524 adn.
1665 2493 1708 2525 10
1743 2489 1788 2524 ad

348 2555 375 2586 (a)
395 2553 446 2586 VI
464 2555 572 2597 39s4o
606 2553 866 2589 demonstravit
903 2561 1039 2599 quanta
1072 2559 1150 2590 arte
1180 2556 1341 2591 effecerit
1368 2562 1485 2600 poeta,
1512 2560 1552 2590 ut.
1570 2567 1612 2590 ex
1631 2556 1787 2600 descrip-

346 2620 443 2654 tione
470 2620 629 2654 colorum
656 2620 935 2665 discrepantiam
963 2626 998 2656 et
1023 2621 1058 2656 id
1086 2622 1180 2666 quod
1208 2623 1242 2656 in
1272 2623 1452 2658 coloribus
1489 2624 1688 2659 coniunctis
1714 2623 1787 2657 ani-

348 2697 440 2720 mum
468 2691 706 2722 commoveret
731 2689 955 2723 sentiremus.
