<?xml version="1.0" encoding="UTF-8"?>
<!DOCTYPE html PUBLIC "-//W3C//DTD XHTML 1.0 Transitional//EN"
    "http://www.w3.org/TR/xhtml1/DTD/xhtml1-transitional.dtd">
<html xmlns="http://www.w3.org/1999/xhtml" xml:lang="en" lang="en">
 <head>
  <title>
</title>
<meta http-equiv="Content-Type" content="text/html;charset=utf-8" />
  <meta name='ocr-system' content='tesseract 3.04.00' />
  <meta name='ocr-capabilities' content='ocr_page ocr_carea ocr_par ocr_line ocrx_word'/>
</head>
<body>
  <div class='ocr_page' id='page_1' title='image "./deelocutionispin00schuuoft_0027.png"; bbox 0 0 2111 3303; ppageno 0'>
   <div class='ocr_carea' id='block_1_1' title="bbox 1018 209 1073 250">
    <p class='ocr_par' dir='ltr' id='par_1_1' title="bbox 1018 209 1073 250">
     <span class='ocr_line' id='line_1_1' title="bbox 1018 209 1073 250; baseline 0 0"><span class='ocrx_word' id='word_1_1' title='bbox 1018 209 1073 250; x_wconf 81' lang='lat'>23</span> 
     </span>
    </p>
   </div>
   <div class='ocr_carea' id='block_1_2' title="bbox 325 324 1773 2533">
    <p class='ocr_par' dir='ltr' id='par_1_2' title="bbox 329 324 1770 533">
     <span class='ocr_line' id='line_1_2' title="bbox 330 324 1770 379; baseline 0 -12"><span class='ocrx_word' id='word_1_2' title='bbox 330 325 537 367; x_wconf 78' lang='lat' dir='ltr'>carminis</span> <span class='ocrx_word' id='word_1_3' title='bbox 571 324 606 366; x_wconf 90' lang='lat' dir='ltr'>O</span> <span class='ocrx_word' id='word_1_4' title='bbox 625 325 647 366; x_wconf 86' lang='lat' dir='ltr'>I</span> <span class='ocrx_word' id='word_1_5' title='bbox 670 326 737 377; x_wconf 79' lang='lat'>87,</span> <span class='ocrx_word' id='word_1_6' title='bbox 772 324 806 365; x_wconf 87' lang='lat' dir='ltr'>P</span> <span class='ocrx_word' id='word_1_7' title='bbox 829 324 897 366; x_wconf 80' lang='lat' dir='ltr'>IX</span> <span class='ocrx_word' id='word_1_8' title='bbox 928 324 971 379; x_wconf 82' lang='grc'>6)</span> <span class='ocrx_word' id='word_1_9' title='bbox 1004 324 1114 366; x_wconf 75' lang='lat' dir='ltr'>dicit</span> <span class='ocrx_word' id='word_1_10' title='bbox 1146 325 1308 378; x_wconf 76' lang='grc' dir='ltr'><em>δίφρον</em></span> <span class='ocrx_word' id='word_1_11' title='bbox 1340 325 1540 379; x_wconf 81' lang='grc' dir='ltr'><em>χρύσεον,</em></span> <span class='ocrx_word' id='word_1_12' title='bbox 1575 326 1620 367; x_wconf 78' lang='lat' dir='ltr'>et</span> <span class='ocrx_word' id='word_1_13' title='bbox 1644 324 1679 366; x_wconf 88' lang='lat' dir='ltr'>P</span> <span class='ocrx_word' id='word_1_14' title='bbox 1701 325 1770 367; x_wconf 83' lang='lat' dir='ltr'>IV</span> 
     </span>
     <span class='ocr_line' id='line_1_3' title="bbox 332 399 1769 457; baseline -0.001 -13"><span class='ocrx_word' id='word_1_15' title='bbox 332 403 384 444; x_wconf 79' lang='lat'>18</span> <span class='ocrx_word' id='word_1_16' title='bbox 425 404 614 457; x_wconf 79' lang='grc' dir='ltr'><em>δίφρους</em></span> <span class='ocrx_word' id='word_1_17' title='bbox 655 402 926 450; x_wconf 80' lang='grc' dir='ltr'><em>ἀελλόποδας</em></span> <span class='ocrx_word' id='word_1_18' title='bbox 965 402 1175 457; x_wconf 77' lang='lat' dir='ltr'>praebet,</span> <span class='ocrx_word' id='word_1_19' title='bbox 1221 415 1316 442; x_wconf 86' lang='lat' dir='ltr'>cum</span> <span class='ocrx_word' id='word_1_20' title='bbox 1347 400 1387 441; x_wconf 90' lang='lat' dir='ltr'>N</span> <span class='ocrx_word' id='word_1_21' title='bbox 1421 399 1492 442; x_wconf 87' lang='lat' dir='ltr'>IX</span> <span class='ocrx_word' id='word_1_22' title='bbox 1522 400 1548 441; x_wconf 88' lang='lat'><strong>4</strong></span> <span class='ocrx_word' id='word_1_23' title='bbox 1591 415 1769 443; x_wconf 87' lang='lat' dir='ltr'>currum</span> 
     </span>
     <span class='ocr_line' id='line_1_4' title="bbox 329 477 1384 533; baseline -0.001 -13"><span class='ocrx_word' id='word_1_24' title='bbox 329 482 645 533; x_wconf 76' lang='grc' dir='ltr'><em>κρατήσιππον,</em></span> <span class='ocrx_word' id='word_1_25' title='bbox 681 478 716 519; x_wconf 89' lang='grc' dir='ltr'>Ρ</span> <span class='ocrx_word' id='word_1_26' title='bbox 750 478 797 520; x_wconf 84' lang='grc' dir='ltr'><em>Π</em></span> <span class='ocrx_word' id='word_1_27' title='bbox 831 479 879 519; x_wconf 88' lang='grc'>11</span> <span class='ocrx_word' id='word_1_28' title='bbox 915 478 1219 532; x_wconf 79' lang='grc' dir='ltr'><em>πεισιχάλινον</em></span> <span class='ocrx_word' id='word_1_29' title='bbox 1252 477 1384 520; x_wconf 81' lang='lat' dir='ltr'>dicat.</span> 
     </span>
    </p>

    <p class='ocr_par' dir='ltr' id='par_1_3' title="bbox 325 554 1773 2533">
     <span class='ocr_line' id='line_1_5' title="bbox 443 554 1772 611; baseline 0 -14"><span class='ocrx_word' id='word_1_30' title='bbox 443 555 660 598; x_wconf 87' lang='lat' dir='ltr'>Extremo</span> <span class='ocrx_word' id='word_1_31' title='bbox 712 555 807 598; x_wconf 91' lang='lat' dir='ltr'>loco</span> <span class='ocrx_word' id='word_1_32' title='bbox 859 569 1000 611; x_wconf 86' lang='lat' dir='ltr'>pauca</span> <span class='ocrx_word' id='word_1_33' title='bbox 1043 554 1184 596; x_wconf 87' lang='lat' dir='ltr'>dicam</span> <span class='ocrx_word' id='word_1_34' title='bbox 1235 554 1289 596; x_wconf 84' lang='lat' dir='ltr'>de</span> <span class='ocrx_word' id='word_1_35' title='bbox 1337 569 1443 597; x_wconf 90' lang='lat' dir='ltr'>voce</span> <span class='ocrx_word' id='word_1_36' title='bbox 1493 554 1605 596; x_wconf 81' lang='lat' dir='ltr'>satis</span> <span class='ocrx_word' id='word_1_37' title='bbox 1658 554 1772 597; x_wconf 83' lang='lat' dir='ltr'>mira</span> 
     </span>
     <span class='ocr_line' id='line_1_6' title="bbox 329 630 1770 688; baseline -0.001 -14"><span class='ocrx_word' id='word_1_38' title='bbox 329 634 587 688; x_wconf 77' lang='grc' dir='ltr'><em>ἴππαιχμος,</em></span> <span class='ocrx_word' id='word_1_39' title='bbox 634 647 746 688; x_wconf 89' lang='lat' dir='ltr'>quae</span> <span class='ocrx_word' id='word_1_40' title='bbox 778 634 992 688; x_wconf 88' lang='lat' dir='ltr'>quantum</span> <span class='ocrx_word' id='word_1_41' title='bbox 1034 631 1122 673; x_wconf 88' lang='lat' dir='ltr'>scio</span> <span class='ocrx_word' id='word_1_42' title='bbox 1167 630 1305 673; x_wconf 80' lang='lat' dir='ltr'>solius</span> <span class='ocrx_word' id='word_1_43' title='bbox 1337 630 1523 672; x_wconf 85' lang='lat' dir='ltr'>Pindari</span> <span class='ocrx_word' id='word_1_44' title='bbox 1554 631 1614 687; x_wconf 88' lang='lat' dir='ltr'>(N</span> <span class='ocrx_word' id='word_1_45' title='bbox 1644 631 1667 672; x_wconf 90' lang='lat' dir='ltr'>I</span> <span class='ocrx_word' id='word_1_46' title='bbox 1700 631 1770 686; x_wconf 79' lang='lat'>17)</span> 
     </span>
     <span class='ocr_line' id='line_1_7' title="bbox 331 707 1771 765; baseline -0.001 -13"><span class='ocrx_word' id='word_1_47' title='bbox 331 712 402 752; x_wconf 88' lang='lat' dir='ltr'>est</span> <span class='ocrx_word' id='word_1_48' title='bbox 433 711 478 751; x_wconf 90' lang='lat' dir='ltr'>et</span> <span class='ocrx_word' id='word_1_49' title='bbox 510 723 774 765; x_wconf 82' lang='lat' dir='ltr'>quamquam</span> <span class='ocrx_word' id='word_1_50' title='bbox 816 723 869 750; x_wconf 87' lang='lat' dir='ltr'>ne</span> <span class='ocrx_word' id='word_1_51' title='bbox 902 708 1124 750; x_wconf 73' lang='lat' dir='ltr'>mentione</span> <span class='ocrx_word' id='word_1_52' title='bbox 1157 707 1333 764; x_wconf 86' lang='lat' dir='ltr'>quidem</span> <span class='ocrx_word' id='word_1_53' title='bbox 1377 708 1555 763; x_wconf 83' lang='lat' dir='ltr'>dignam</span> <span class='ocrx_word' id='word_1_54' title='bbox 1589 708 1771 764; x_wconf 84' lang='lat' dir='ltr'>putavit</span> 
     </span>
     <span class='ocr_line' id='line_1_8' title="bbox 330 784 1770 842; baseline 0 -15"><span class='ocrx_word' id='word_1_55' title='bbox 330 786 564 829; x_wconf 82' lang='lat' dir='ltr'>Dissenius</span> <span class='ocrx_word' id='word_1_56' title='bbox 597 785 844 842; x_wconf 74' lang='lat' dir='ltr'>Explicatt.</span> <span class='ocrx_word' id='word_1_57' title='bbox 876 801 917 841; x_wconf 91' lang='lat' dir='ltr'>p.</span> <span class='ocrx_word' id='word_1_58' title='bbox 943 785 1038 835; x_wconf 76' lang='lat'>352,</span> <span class='ocrx_word' id='word_1_59' title='bbox 1072 784 1453 841; x_wconf 74' lang='lat' dir='ltr'>interpretatione</span> <span class='ocrx_word' id='word_1_60' title='bbox 1485 800 1617 840; x_wconf 87' lang='lat' dir='ltr'>egere</span> <span class='ocrx_word' id='word_1_61' title='bbox 1650 784 1770 827; x_wconf 84' lang='lat' dir='ltr'>vide-</span> 
     </span>
     <span class='ocr_line' id='line_1_9' title="bbox 328 861 1772 918; baseline 0 -14"><span class='ocrx_word' id='word_1_62' title='bbox 328 867 417 905; x_wconf 87' lang='lat' dir='ltr'>tur.</span> <span class='ocrx_word' id='word_1_63' title='bbox 480 862 602 905; x_wconf 83' lang='lat' dir='ltr'>Voce</span> <span class='ocrx_word' id='word_1_64' title='bbox 635 878 707 905; x_wconf 85' lang='lat' dir='ltr'>eos</span> <span class='ocrx_word' id='word_1_65' title='bbox 741 863 815 918; x_wconf 88' lang='lat' dir='ltr'>qui</span> <span class='ocrx_word' id='word_1_66' title='bbox 848 862 971 918; x_wconf 85' lang='lat' dir='ltr'>equis</span> <span class='ocrx_word' id='word_1_67' title='bbox 1003 861 1122 904; x_wconf 83' lang='lat' dir='ltr'>vecti</span> <span class='ocrx_word' id='word_1_68' title='bbox 1154 867 1358 918; x_wconf 80' lang='lat' dir='ltr'>pugnant</span> <span class='ocrx_word' id='word_1_69' title='bbox 1390 861 1656 917; x_wconf 83' lang='lat' dir='ltr'>significari,</span> <span class='ocrx_word' id='word_1_70' title='bbox 1704 861 1772 904; x_wconf 87' lang='lat' dir='ltr'>ita</span> 
     </span>
     <span class='ocr_line' id='line_1_10' title="bbox 328 937 1769 995; baseline -0.001 -15"><span class='ocrx_word' id='word_1_71' title='bbox 328 943 381 981; x_wconf 87' lang='lat' dir='ltr'>ut</span> <span class='ocrx_word' id='word_1_72' title='bbox 402 939 602 995; x_wconf 83' lang='lat' dir='ltr'>proxime</span> <span class='ocrx_word' id='word_1_73' title='bbox 625 938 681 980; x_wconf 84' lang='lat' dir='ltr'>ad</span> <span class='ocrx_word' id='word_1_74' title='bbox 703 952 854 980; x_wconf 86' lang='lat' dir='ltr'>vocem</span> <span class='ocrx_word' id='word_1_75' title='bbox 877 937 1044 993; x_wconf 80' lang='lat' dir='ltr'>epicam</span> <span class='ocrx_word' id='word_1_76' title='bbox 1068 937 1363 992; x_wconf 71' lang='grc' dir='ltr'><em>ἱππιοχάρμης</em></span> <span class='ocrx_word' id='word_1_77' title='bbox 1384 937 1579 991; x_wconf 81' lang='lat' dir='ltr'>accedat,</span> <span class='ocrx_word' id='word_1_78' title='bbox 1614 937 1769 980; x_wconf 88' lang='lat' dir='ltr'>statim</span> 
     </span>
     <span class='ocr_line' id='line_1_11' title="bbox 328 1013 1771 1070; baseline -0.001 -12"><span class='ocrx_word' id='word_1_79' title='bbox 328 1015 566 1069; x_wconf 81' lang='lat' dir='ltr'>sentimus3</span> <span class='ocrx_word' id='word_1_80' title='bbox 613 1015 688 1058; x_wconf 84' lang='lat' dir='ltr'>sed</span> <span class='ocrx_word' id='word_1_81' title='bbox 722 1015 784 1057; x_wconf 88' lang='lat' dir='ltr'>sic</span> <span class='ocrx_word' id='word_1_82' title='bbox 815 1030 887 1057; x_wconf 83' lang='lat' dir='ltr'>res</span> <span class='ocrx_word' id='word_1_83' title='bbox 919 1030 1008 1056; x_wconf 87' lang='lat' dir='ltr'>non</span> <span class='ocrx_word' id='word_1_84' title='bbox 1029 1014 1311 1070; x_wconf 82' lang='lat' dir='ltr'>profligatur.</span> <span class='ocrx_word' id='word_1_85' title='bbox 1358 1013 1527 1056; x_wconf 87' lang='lat' dir='ltr'>Vocum</span> <span class='ocrx_word' id='word_1_86' title='bbox 1561 1014 1771 1057; x_wconf 84' lang='lat' dir='ltr'>similium</span> 
     </span>
     <span class='ocr_line' id='line_1_12' title="bbox 326 1091 1772 1147; baseline 0.001 -14"><span class='ocrx_word' id='word_1_87' title='bbox 326 1092 665 1134; x_wconf 88' lang='lat' dir='ltr'>Pindaricarum</span> <span class='ocrx_word' id='word_1_88' title='bbox 688 1091 836 1134; x_wconf 87' lang='lat' dir='ltr'>altera</span> <span class='ocrx_word' id='word_1_89' title='bbox 858 1091 931 1147; x_wconf 84' lang='lat' dir='ltr'>(fr.</span> <span class='ocrx_word' id='word_1_90' title='bbox 955 1091 1053 1145; x_wconf 81' lang='lat'><strong>173)</strong></span> <span class='ocrx_word' id='word_1_91' title='bbox 1076 1091 1341 1146; x_wconf 77' lang='grc' dir='ltr'><em>εὐρυαίχμας</em></span> <span class='ocrx_word' id='word_1_92' title='bbox 1362 1106 1417 1133; x_wconf 89' lang='lat' dir='ltr'>sc.</span> <span class='ocrx_word' id='word_1_93' title='bbox 1443 1093 1625 1144; x_wconf 80' lang='grc' dir='ltr'><em>στρατός</em></span> <span class='ocrx_word' id='word_1_94' title='bbox 1646 1093 1772 1134; x_wconf 83' lang='lat' dir='ltr'>certa</span> 
     </span>
     <span class='ocr_line' id='line_1_13' title="bbox 328 1168 1773 1224; baseline 0 -13"><span class='ocrx_word' id='word_1_95' title='bbox 328 1169 504 1212; x_wconf 88' lang='lat' dir='ltr'>ratione</span> <span class='ocrx_word' id='word_1_96' title='bbox 538 1169 594 1211; x_wconf 87' lang='lat' dir='ltr'>ad</span> <span class='ocrx_word' id='word_1_97' title='bbox 625 1168 782 1211; x_wconf 82' lang='lat' dir='ltr'>hastas</span> <span class='ocrx_word' id='word_1_98' title='bbox 815 1169 1019 1224; x_wconf 83' lang='lat' dir='ltr'>ingentes</span> <span class='ocrx_word' id='word_1_99' title='bbox 1042 1168 1254 1221; x_wconf 77' lang='lat' dir='ltr'>pertinet,</span> <span class='ocrx_word' id='word_1_100' title='bbox 1287 1183 1387 1209; x_wconf 86' lang='lat' dir='ltr'>nam</span> <span class='ocrx_word' id='word_1_101' title='bbox 1420 1169 1550 1223; x_wconf 78' lang='grc' dir='ltr'><em>αἰχμά</em></span> <span class='ocrx_word' id='word_1_102' title='bbox 1581 1183 1631 1210; x_wconf 88' lang='lat' dir='ltr'>re</span> <span class='ocrx_word' id='word_1_103' title='bbox 1662 1183 1773 1212; x_wconf 79' lang='lat' dir='ltr'>vera</span> 
     </span>
     <span class='ocr_line' id='line_1_14' title="bbox 325 1245 1770 1301; baseline -0.001 -12"><span class='ocrx_word' id='word_1_104' title='bbox 325 1246 458 1289; x_wconf 87' lang='lat' dir='ltr'>hasta</span> <span class='ocrx_word' id='word_1_105' title='bbox 490 1249 560 1289; x_wconf 86' lang='lat' dir='ltr'>est</span> <span class='ocrx_word' id='word_1_106' title='bbox 591 1246 635 1287; x_wconf 88' lang='lat' dir='ltr'>N</span> <span class='ocrx_word' id='word_1_107' title='bbox 666 1245 741 1287; x_wconf 86' lang='lat' dir='ltr'>III</span> <span class='ocrx_word' id='word_1_108' title='bbox 774 1246 869 1293; x_wconf 79' lang='lat'><strong>331.</strong></span> <span class='ocrx_word' id='word_1_109' title='bbox 902 1245 938 1287; x_wconf 91' lang='lat' dir='ltr'>P</span> <span class='ocrx_word' id='word_1_110' title='bbox 971 1245 992 1287; x_wconf 92' lang='lat' dir='ltr'>I</span> <span class='ocrx_word' id='word_1_111' title='bbox 1025 1246 1091 1299; x_wconf 77' lang='grc'>66,</span> <span class='ocrx_word' id='word_1_112' title='bbox 1133 1245 1186 1287; x_wconf 81' lang='lat' dir='ltr'>de</span> <span class='ocrx_word' id='word_1_113' title='bbox 1217 1247 1349 1301; x_wconf 91' lang='lat' dir='ltr'>parte</span> <span class='ocrx_word' id='word_1_114' title='bbox 1381 1245 1533 1301; x_wconf 90' lang='lat' dir='ltr'>priore</span> <span class='ocrx_word' id='word_1_115' title='bbox 1565 1245 1770 1288; x_wconf 86' lang='lat' dir='ltr'>conferre</span> 
     </span>
     <span class='ocr_line' id='line_1_15' title="bbox 326 1322 1770 1380; baseline 0 -15"><span class='ocrx_word' id='word_1_116' title='bbox 326 1323 470 1380; x_wconf 86' lang='lat' dir='ltr'>possis</span> <span class='ocrx_word' id='word_1_117' title='bbox 503 1323 764 1378; x_wconf 78' lang='grc' dir='ltr'><em>εὐρυχαίτης</em></span> <span class='ocrx_word' id='word_1_118' title='bbox 794 1322 841 1378; x_wconf 83' lang='lat' dir='ltr'>(J</span> <span class='ocrx_word' id='word_1_119' title='bbox 873 1322 967 1365; x_wconf 85' lang='lat' dir='ltr'>VII</span> <span class='ocrx_word' id='word_1_120' title='bbox 998 1323 1062 1376; x_wconf 82' lang='lat'>4);</span> <span class='ocrx_word' id='word_1_121' title='bbox 1107 1323 1254 1365; x_wconf 86' lang='lat' dir='ltr'>altera</span> <span class='ocrx_word' id='word_1_122' title='bbox 1285 1326 1601 1377; x_wconf 80' lang='grc' dir='ltr'><em>κρατεραίχμας</em></span> <span class='ocrx_word' id='word_1_123' title='bbox 1632 1322 1679 1378; x_wconf 82' lang='lat' dir='ltr'>(J</span> <span class='ocrx_word' id='word_1_124' title='bbox 1702 1322 1770 1365; x_wconf 88' lang='lat' dir='ltr'>VI</span> 
     </span>
     <span class='ocr_line' id='line_1_16' title="bbox 328 1398 1770 1455; baseline -0.001 -13"><span class='ocrx_word' id='word_1_125' title='bbox 328 1401 398 1454; x_wconf 81' lang='lat'>38)</span> <span class='ocrx_word' id='word_1_126' title='bbox 443 1415 540 1442; x_wconf 90' lang='lat' dir='ltr'>cum</span> <span class='ocrx_word' id='word_1_127' title='bbox 577 1400 693 1442; x_wconf 88' lang='lat' dir='ltr'>sicut</span> <span class='ocrx_word' id='word_1_128' title='bbox 724 1399 1027 1454; x_wconf 84' lang='lat' dir='ltr'>Bacchylidea</span> <span class='ocrx_word' id='word_1_129' title='bbox 1058 1399 1189 1455; x_wconf 89' lang='lat' dir='ltr'>(XVI</span> <span class='ocrx_word' id='word_1_130' title='bbox 1220 1399 1293 1454; x_wconf 76' lang='lat'>47)</span> <span class='ocrx_word' id='word_1_131' title='bbox 1337 1398 1596 1454; x_wconf 77' lang='grc' dir='ltr'><em>ἀρέταιχμος</em></span> <span class='ocrx_word' id='word_1_132' title='bbox 1637 1399 1770 1455; x_wconf 81' lang='lat' dir='ltr'>signi-</span> 
     </span>
     <span class='ocr_line' id='line_1_17' title="bbox 326 1475 1771 1534; baseline -0.001 -14"><span class='ocrx_word' id='word_1_133' title='bbox 326 1478 430 1520; x_wconf 89' lang='lat' dir='ltr'>ficet</span> <span class='ocrx_word' id='word_1_134' title='bbox 462 1477 594 1519; x_wconf 87' lang='lat' dir='ltr'>hasta</span> <span class='ocrx_word' id='word_1_135' title='bbox 625 1477 699 1519; x_wconf 81' lang='lat' dir='ltr'>vel</span> <span class='ocrx_word' id='word_1_136' title='bbox 729 1492 881 1534; x_wconf 85' lang='lat' dir='ltr'>pugna</span> <span class='ocrx_word' id='word_1_137' title='bbox 912 1477 1120 1527; x_wconf 77' lang='lat' dir='ltr'>validum,</span> <span class='ocrx_word' id='word_1_138' title='bbox 1166 1476 1350 1533; x_wconf 87' lang='lat' dir='ltr'>propius</span> <span class='ocrx_word' id='word_1_139' title='bbox 1384 1475 1557 1519; x_wconf 86' lang='lat' dir='ltr'>accedit</span> <span class='ocrx_word' id='word_1_140' title='bbox 1587 1476 1644 1518; x_wconf 84' lang='lat' dir='ltr'>ad</span> <span class='ocrx_word' id='word_1_141' title='bbox 1675 1490 1771 1519; x_wconf 86' lang='lat' dir='ltr'>eam</span> 
     </span>
     <span class='ocr_line' id='line_1_18' title="bbox 328 1553 1772 1610; baseline -0.001 -14"><span class='ocrx_word' id='word_1_142' title='bbox 328 1554 718 1610; x_wconf 81' lang='lat' dir='ltr'>significationem,</span> <span class='ocrx_word' id='word_1_143' title='bbox 767 1568 898 1610; x_wconf 91' lang='lat' dir='ltr'>quam</span> <span class='ocrx_word' id='word_1_144' title='bbox 944 1554 1092 1596; x_wconf 87' lang='lat' dir='ltr'>altera</span> <span class='ocrx_word' id='word_1_145' title='bbox 1137 1568 1242 1609; x_wconf 85' lang='lat' dir='ltr'>pars</span> <span class='ocrx_word' id='word_1_146' title='bbox 1290 1553 1336 1595; x_wconf 90' lang='lat' dir='ltr'>in</span> <span class='ocrx_word' id='word_1_147' title='bbox 1382 1568 1488 1595; x_wconf 83' lang='lat' dir='ltr'>voce</span> <span class='ocrx_word' id='word_1_148' title='bbox 1534 1554 1772 1608; x_wconf 79' lang='grc' dir='ltr'><em>ἳ’ππαιχμος</em></span> 
     </span>
     <span class='ocr_line' id='line_1_19' title="bbox 326 1630 1771 1687; baseline -0.001 -13"><span class='ocrx_word' id='word_1_149' title='bbox 326 1632 490 1674; x_wconf 89' lang='lat' dir='ltr'>habere</span> <span class='ocrx_word' id='word_1_150' title='bbox 537 1631 681 1674; x_wconf 87' lang='lat' dir='ltr'>debet.</span> <span class='ocrx_word' id='word_1_151' title='bbox 754 1630 883 1684; x_wconf 73' lang='lat' dir='ltr'>Quod</span> <span class='ocrx_word' id='word_1_152' title='bbox 928 1630 1098 1687; x_wconf 85' lang='lat' dir='ltr'>legitur</span> <span class='ocrx_word' id='word_1_153' title='bbox 1144 1630 1180 1672; x_wconf 90' lang='lat' dir='ltr'>P</span> <span class='ocrx_word' id='word_1_154' title='bbox 1213 1631 1335 1673; x_wconf 85' lang='lat' dir='ltr'>VIII</span> <span class='ocrx_word' id='word_1_155' title='bbox 1365 1631 1421 1672; x_wconf 77' lang='lat'>40</span> <span class='ocrx_word' id='word_1_156' title='bbox 1466 1631 1771 1685; x_wconf 80' lang='grc' dir='ltr'><em>παρμένοντας</em></span> 
     </span>
     <span class='ocr_line' id='line_1_20' title="bbox 326 1706 1770 1764; baseline -0.001 -14"><span class='ocrx_word' id='word_1_157' title='bbox 326 1710 458 1764; x_wconf 77' lang='grc' dir='ltr'><em>αἰχμᾷ</em></span> <span class='ocrx_word' id='word_1_158' title='bbox 490 1707 654 1750; x_wconf 87' lang='lat' dir='ltr'>collato</span> <span class='ocrx_word' id='word_1_159' title='bbox 700 1709 746 1750; x_wconf 91' lang='lat' dir='ltr'>et</span> <span class='ocrx_word' id='word_1_160' title='bbox 779 1707 998 1763; x_wconf 83' lang='lat' dir='ltr'>Aeschyli</span> <span class='ocrx_word' id='word_1_161' title='bbox 1030 1706 1141 1749; x_wconf 88' lang='lat' dir='ltr'>Pers</span> <span class='ocrx_word' id='word_1_162' title='bbox 1175 1707 1260 1748; x_wconf 71' lang='lat'>974</span> <span class='ocrx_word' id='word_1_163' title='bbox 1299 1709 1454 1761; x_wconf 76' lang='grc' dir='ltr'><em>αἰχμᾶς</em></span> <span class='ocrx_word' id='word_1_164' title='bbox 1486 1707 1726 1760; x_wconf 79' lang='grc' dir='ltr'><em>ἀκόρεστον</em></span> <span class='ocrx_word' id='word_1_165' title='bbox 1740 1706 1770 1763; x_wconf 93' lang='grc'>1)</span> 
     </span>
     <span class='ocr_line' id='line_1_21' title="bbox 327 1784 1771 1840; baseline 0 -13"><span class='ocrx_word' id='word_1_166' title='bbox 327 1787 374 1828; x_wconf 89' lang='lat' dir='ltr'>et</span> <span class='ocrx_word' id='word_1_167' title='bbox 406 1785 440 1826; x_wconf 91' lang='lat' dir='ltr'><strong>P</strong></span> <span class='ocrx_word' id='word_1_168' title='bbox 473 1785 497 1827; x_wconf 95' lang='lat' dir='ltr'>I</span> <span class='ocrx_word' id='word_1_169' title='bbox 528 1785 584 1826; x_wconf 80' lang='lat'>48</span> <span class='ocrx_word' id='word_1_170' title='bbox 617 1785 664 1827; x_wconf 81' lang='grc' dir='ltr'>ἐν</span> <span class='ocrx_word' id='word_1_171' title='bbox 695 1785 851 1840; x_wconf 78' lang='grc' dir='ltr'><em>μάχαις</em></span> <span class='ocrx_word' id='word_1_172' title='bbox 882 1784 1116 1839; x_wconf 77' lang='grc' dir='ltr'><em>παρέμεινε</em></span> <span class='ocrx_word' id='word_1_173' title='bbox 1140 1784 1520 1840; x_wconf 81' lang='lat' dir='ltr'>interpretamur:</span> <span class='ocrx_word' id='word_1_174' title='bbox 1554 1784 1599 1825; x_wconf 89' lang='lat' dir='ltr'>in</span> <span class='ocrx_word' id='word_1_175' title='bbox 1622 1798 1771 1840; x_wconf 82' lang='lat' dir='ltr'>pugna</span> 
     </span>
     <span class='ocr_line' id='line_1_22' title="bbox 326 1861 1769 1917; baseline 0 -14"><span class='ocrx_word' id='word_1_176' title='bbox 326 1876 588 1917; x_wconf 87' lang='lat' dir='ltr'>permanere</span> <span class='ocrx_word' id='word_1_177' title='bbox 629 1867 763 1917; x_wconf 88' lang='lat' dir='ltr'>atque</span> <span class='ocrx_word' id='word_1_178' title='bbox 811 1861 1055 1914; x_wconf 87' lang='lat' dir='ltr'>obdurare,</span> <span class='ocrx_word' id='word_1_179' title='bbox 1101 1863 1235 1917; x_wconf 85' lang='lat' dir='ltr'>atque</span> <span class='ocrx_word' id='word_1_180' title='bbox 1268 1861 1311 1904; x_wconf 87' lang='lat' dir='ltr'>N</span> <span class='ocrx_word' id='word_1_181' title='bbox 1341 1861 1384 1902; x_wconf 87' lang='lat' dir='ltr'>X</span> <span class='ocrx_word' id='word_1_182' title='bbox 1418 1862 1469 1902; x_wconf 78' lang='lat'>13</span> <span class='ocrx_word' id='word_1_183' title='bbox 1514 1861 1551 1903; x_wconf 87' lang='lat' dir='ltr'>si</span> <span class='ocrx_word' id='word_1_184' title='bbox 1593 1861 1769 1917; x_wconf 86' lang='lat' dir='ltr'>quidem</span> 
     </span>
     <span class='ocr_line' id='line_1_23' title="bbox 326 1938 1767 1994; baseline 0 -14"><span class='ocrx_word' id='word_1_185' title='bbox 326 1939 497 1994; x_wconf 84' lang='lat' dir='ltr'>legitur</span> <span class='ocrx_word' id='word_1_186' title='bbox 530 1941 642 1988; x_wconf 81' lang='grc' dir='ltr'><strong><em>Ζεῦς</em></strong></span> <span class='ocrx_word' id='word_1_187' title='bbox 672 1938 840 1993; x_wconf 77' lang='grc' dir='ltr'><em>θρέψεν</em></span> <span class='ocrx_word' id='word_1_188' title='bbox 872 1939 1032 1993; x_wconf 78' lang='grc' dir='ltr'><em>αἰχμάν</em></span> <span class='ocrx_word' id='word_1_189' title='bbox 1065 1938 1420 1994; x_wconf 72' lang='lat' dir='ltr'>Amphitruonis,</span> <span class='ocrx_word' id='word_1_190' title='bbox 1459 1953 1546 1980; x_wconf 89' lang='lat' dir='ltr'>non</span> <span class='ocrx_word' id='word_1_191' title='bbox 1577 1938 1767 1990; x_wconf 82' lang='lat' dir='ltr'>hastam,</span> 
     </span>
     <span class='ocr_line' id='line_1_24' title="bbox 328 2015 1767 2071; baseline -0.001 -13"><span class='ocrx_word' id='word_1_192' title='bbox 328 2015 405 2058; x_wconf 88' lang='lat' dir='ltr'>sed</span> <span class='ocrx_word' id='word_1_193' title='bbox 425 2016 646 2058; x_wconf 85' lang='lat' dir='ltr'>virtutem</span> <span class='ocrx_word' id='word_1_194' title='bbox 676 2015 722 2057; x_wconf 89' lang='lat' dir='ltr'>in</span> <span class='ocrx_word' id='word_1_195' title='bbox 756 2015 873 2058; x_wconf 84' lang='lat' dir='ltr'>bello</span> <span class='ocrx_word' id='word_1_196' title='bbox 895 2015 1169 2071; x_wconf 79' lang='lat' dir='ltr'>probandam</span> <span class='ocrx_word' id='word_1_197' title='bbox 1192 2015 1370 2057; x_wconf 77' lang='lat' dir='ltr'>auxisse</span> <span class='ocrx_word' id='word_1_198' title='bbox 1394 2015 1558 2057; x_wconf 89' lang='lat' dir='ltr'>dicitur</span> <span class='ocrx_word' id='word_1_199' title='bbox 1576 2015 1767 2071; x_wconf 87' lang='lat' dir='ltr'>Iupiter.</span> 
     </span>
     <span class='ocr_line' id='line_1_25' title="bbox 329 2091 1770 2148; baseline -0.001 -13"><span class='ocrx_word' id='word_1_200' title='bbox 329 2092 576 2135; x_wconf 90' lang='lat' dir='ltr'>Confirmat</span> <span class='ocrx_word' id='word_1_201' title='bbox 595 2094 798 2134; x_wconf 88' lang='lat' dir='ltr'>nostram</span> <span class='ocrx_word' id='word_1_202' title='bbox 822 2092 941 2134; x_wconf 83' lang='lat' dir='ltr'>vocis</span> <span class='ocrx_word' id='word_1_203' title='bbox 965 2106 1077 2148; x_wconf 87' lang='lat' dir='ltr'>quae</span> <span class='ocrx_word' id='word_1_204' title='bbox 1099 2094 1169 2134; x_wconf 90' lang='lat' dir='ltr'>est</span> <span class='ocrx_word' id='word_1_205' title='bbox 1191 2092 1322 2147; x_wconf 77' lang='grc' dir='ltr'><em>αἰχμά</em></span> <span class='ocrx_word' id='word_1_206' title='bbox 1344 2091 1770 2148; x_wconf 86' lang='lat' dir='ltr'>interpretationem</span> 
     </span>
     <span class='ocr_line' id='line_1_26' title="bbox 326 2167 1771 2225; baseline 0 -15"><span class='ocrx_word' id='word_1_207' title='bbox 326 2169 385 2210; x_wconf 84' lang='lat' dir='ltr'>fr.</span> <span class='ocrx_word' id='word_1_208' title='bbox 418 2169 544 2211; x_wconf 88' lang='lat' dir='ltr'>Pind.</span> <span class='ocrx_word' id='word_1_209' title='bbox 580 2169 686 2222; x_wconf 82' lang='lat'>199,</span> <span class='ocrx_word' id='word_1_210' title='bbox 730 2167 846 2225; x_wconf 79' lang='lat' dir='ltr'>quod</span> <span class='ocrx_word' id='word_1_211' title='bbox 887 2168 1071 2225; x_wconf 86' lang='lat' dir='ltr'>opponit</span> <span class='ocrx_word' id='word_1_212' title='bbox 1113 2168 1309 2211; x_wconf 88' lang='lat' dir='ltr'>consiliis</span> <span class='ocrx_word' id='word_1_213' title='bbox 1351 2168 1575 2211; x_wconf 89' lang='lat' dir='ltr'>seniorum</span> <span class='ocrx_word' id='word_1_214' title='bbox 1617 2170 1771 2223; x_wconf 83' lang='grc' dir='ltr'><em>αἰχμὰς</em></span> 
     </span>
     <span class='ocr_line' id='line_1_27' title="bbox 327 2245 1769 2302; baseline 0 -15"><span class='ocrx_word' id='word_1_215' title='bbox 327 2247 454 2296; x_wconf 81' lang='grc' dir='ltr'><em>νέων,</em></span> <span class='ocrx_word' id='word_1_216' title='bbox 488 2245 569 2288; x_wconf 90' lang='lat' dir='ltr'>hoc</span> <span class='ocrx_word' id='word_1_217' title='bbox 592 2248 662 2288; x_wconf 87' lang='lat' dir='ltr'>est</span> <span class='ocrx_word' id='word_1_218' title='bbox 683 2246 903 2288; x_wconf 83' lang='lat' dir='ltr'>virtutem</span> <span class='ocrx_word' id='word_1_219' title='bbox 928 2248 976 2288; x_wconf 88' lang='lat' dir='ltr'>et</span> <span class='ocrx_word' id='word_1_220' title='bbox 996 2260 1068 2287; x_wconf 90' lang='lat' dir='ltr'>res</span> <span class='ocrx_word' id='word_1_221' title='bbox 1090 2245 1135 2287; x_wconf 89' lang='lat' dir='ltr'>in</span> <span class='ocrx_word' id='word_1_222' title='bbox 1161 2245 1278 2287; x_wconf 88' lang='lat' dir='ltr'>bello</span> <span class='ocrx_word' id='word_1_223' title='bbox 1300 2246 1410 2288; x_wconf 90' lang='lat' dir='ltr'>bene</span> <span class='ocrx_word' id='word_1_224' title='bbox 1433 2248 1600 2301; x_wconf 83' lang='lat' dir='ltr'>gestas,</span> <span class='ocrx_word' id='word_1_225' title='bbox 1632 2247 1769 2302; x_wconf 86' lang='lat' dir='ltr'>atque</span> 
     </span>
     <span class='ocr_line' id='line_1_28' title="bbox 326 2322 1770 2379; baseline -0.001 -14"><span class='ocrx_word' id='word_1_226' title='bbox 326 2322 510 2379; x_wconf 87' lang='lat' dir='ltr'>insuper</span> <span class='ocrx_word' id='word_1_227' title='bbox 556 2323 729 2365; x_wconf 86' lang='lat' dir='ltr'>accedit</span> <span class='ocrx_word' id='word_1_228' title='bbox 768 2323 798 2365; x_wconf 79' lang='lat' dir='ltr'>J</span> <span class='ocrx_word' id='word_1_229' title='bbox 831 2322 873 2365; x_wconf 88' lang='lat' dir='ltr'>V</span> <span class='ocrx_word' id='word_1_230' title='bbox 903 2323 1023 2375; x_wconf 67' lang='lat'>331),</span> <span class='ocrx_word' id='word_1_231' title='bbox 1066 2323 1141 2365; x_wconf 88' lang='lat' dir='ltr'>ubi</span> <span class='ocrx_word' id='word_1_232' title='bbox 1185 2323 1412 2376; x_wconf 76' lang='grc' dir='ltr'><em>Κάστορος</em></span> <span class='ocrx_word' id='word_1_233' title='bbox 1453 2323 1584 2377; x_wconf 83' lang='grc' dir='ltr'><em>αἰχμὰ</em></span> <span class='ocrx_word' id='word_1_234' title='bbox 1625 2326 1770 2364; x_wconf 83' lang='grc' dir='ltr'><em>Πολυ-</em></span> 
     </span>
     <span class='ocr_line' id='line_1_29' title="bbox 329 2399 1769 2455; baseline 0.001 -14"><span class='ocrx_word' id='word_1_235' title='bbox 329 2401 507 2449; x_wconf 78' lang='grc' dir='ltr'><em>δεύκεός</em></span> <span class='ocrx_word' id='word_1_236' title='bbox 544 2416 588 2442; x_wconf 86' lang='grc' dir='ltr'>τε</span> <span class='ocrx_word' id='word_1_237' title='bbox 629 2399 842 2442; x_wconf 89' lang='lat' dir='ltr'>honorari</span> <span class='ocrx_word' id='word_1_238' title='bbox 884 2399 1071 2452; x_wconf 83' lang='lat' dir='ltr'>dicitur,</span> <span class='ocrx_word' id='word_1_239' title='bbox 1121 2399 1238 2442; x_wconf 88' lang='lat' dir='ltr'>sicut</span> <span class='ocrx_word' id='word_1_240' title='bbox 1276 2399 1480 2442; x_wconf 82' lang='lat' dir='ltr'>versibus</span> <span class='ocrx_word' id='word_1_241' title='bbox 1525 2399 1600 2455; x_wconf 83' lang='lat' dir='ltr'>qui</span> <span class='ocrx_word' id='word_1_242' title='bbox 1643 2401 1769 2442; x_wconf 84' lang='lat' dir='ltr'>ante·</span> 
     </span>
     <span class='ocr_line' id='line_1_30' title="bbox 328 2476 1769 2533; baseline 0.001 -15"><span class='ocrx_word' id='word_1_243' title='bbox 328 2476 491 2518; x_wconf 86' lang='lat' dir='ltr'>cedunt</span> <span class='ocrx_word' id='word_1_244' title='bbox 517 2477 670 2519; x_wconf 86' lang='lat' dir='ltr'>Iolaus</span> <span class='ocrx_word' id='word_1_245' title='bbox 705 2480 750 2519; x_wconf 88' lang='lat' dir='ltr'>et</span> <span class='ocrx_word' id='word_1_246' title='bbox 773 2476 981 2529; x_wconf 80' lang='lat' dir='ltr'>Perseus,</span> <span class='ocrx_word' id='word_1_247' title='bbox 1015 2476 1220 2519; x_wconf 77' lang='lat' dir='ltr'>versibus</span> <span class='ocrx_word' id='word_1_248' title='bbox 1253 2476 1329 2533; x_wconf 86' lang='lat' dir='ltr'>qui</span> <span class='ocrx_word' id='word_1_249' title='bbox 1361 2479 1610 2532; x_wconf 86' lang='lat' dir='ltr'>sequuntur</span> <span class='ocrx_word' id='word_1_250' title='bbox 1641 2490 1769 2532; x_wconf 86' lang='lat' dir='ltr'>prae-</span> 
     </span>
    </p>
   </div>
   <div class='ocr_carea' id='block_1_3' title="bbox 332 2585 607 2592">
    <p class='ocr_par' dir='ltr' id='par_1_4' title="bbox 332 2585 607 2592">
     <span class='ocr_line' id='line_1_31' title="bbox 332 2585 607 2592; baseline 0 0"><span class='ocrx_word' id='word_1_251' title='bbox 332 2585 607 2592; x_wconf 95' lang='lat' dir='ltr'> </span> 
     </span>
    </p>
   </div>
   <div class='ocr_carea' id='block_1_4' title="bbox 330 2647 1770 2827">
    <p class='ocr_par' dir='ltr' id='par_1_5' title="bbox 330 2647 1770 2827">
     <span class='ocr_line' id='line_1_32' title="bbox 428 2647 1770 2696; baseline 0.001 -12"><span class='ocrx_word' id='word_1_252' title='bbox 428 2652 461 2695; x_wconf 78' lang='lat'>1)</span> <span class='ocrx_word' id='word_1_253' title='bbox 489 2651 590 2694; x_wconf 82' lang='lat' dir='ltr'>Quod</span> <span class='ocrx_word' id='word_1_254' title='bbox 617 2651 663 2685; x_wconf 82' lang='lat' dir='ltr'>ad</span> <span class='ocrx_word' id='word_1_255' title='bbox 689 2649 870 2694; x_wconf 79' lang='grc' dir='ltr'><em>ἀκόρητος</em></span> <span class='ocrx_word' id='word_1_256' title='bbox 895 2651 1009 2694; x_wconf 81' lang='grc' dir='ltr'><em>ἀυτῆς</em></span> <span class='ocrx_word' id='word_1_257' title='bbox 1036 2652 1084 2695; x_wconf 77' lang='lat' dir='ltr'>(N</span> <span class='ocrx_word' id='word_1_258' title='bbox 1112 2653 1195 2693; x_wconf 83' lang='lat'>621)</span> <span class='ocrx_word' id='word_1_259' title='bbox 1223 2647 1310 2691; x_wconf 81' lang='grc' dir='ltr'><em>ἆτος</em></span> <span class='ocrx_word' id='word_1_260' title='bbox 1336 2649 1510 2696; x_wconf 76' lang='grc' dir='ltr'><em>πολέμοιο</em></span> <span class='ocrx_word' id='word_1_261' title='bbox 1539 2652 1586 2695; x_wconf 86' lang='grc' dir='ltr'>(Ε</span> <span class='ocrx_word' id='word_1_262' title='bbox 1613 2653 1697 2695; x_wconf 77' lang='lat'>388)</span> <span class='ocrx_word' id='word_1_263' title='bbox 1724 2651 1770 2686; x_wconf 87' lang='lat' dir='ltr'>si-</span> 
     </span>
     <span class='ocr_line' id='line_1_33' title="bbox 330 2716 1769 2762; baseline 0.001 -12"><span class='ocrx_word' id='word_1_264' title='bbox 330 2717 428 2750; x_wconf 88' lang='lat' dir='ltr'>milia</span> <span class='ocrx_word' id='word_1_265' title='bbox 466 2721 591 2761; x_wconf 86' lang='lat' dir='ltr'>aperte</span> <span class='ocrx_word' id='word_1_266' title='bbox 628 2716 743 2759; x_wconf 72' lang='lat' dir='ltr'>redit3</span> <span class='ocrx_word' id='word_1_267' title='bbox 793 2721 950 2751; x_wconf 87' lang='lat' dir='ltr'>ceterum</span> <span class='ocrx_word' id='word_1_268' title='bbox 996 2728 1062 2752; x_wconf 87' lang='lat' dir='ltr'>usu</span> <span class='ocrx_word' id='word_1_269' title='bbox 1100 2718 1279 2752; x_wconf 85' lang='lat' dir='ltr'>simillimo</span> <span class='ocrx_word' id='word_1_270' title='bbox 1318 2717 1430 2757; x_wconf 77' lang='grc' dir='ltr'><em>ἀσπίς</em></span> <span class='ocrx_word' id='word_1_271' title='bbox 1474 2717 1571 2762; x_wconf 90' lang='lat' dir='ltr'>apud</span> <span class='ocrx_word' id='word_1_272' title='bbox 1611 2717 1769 2762; x_wconf 82' lang='lat' dir='ltr'>tragicos</span> 
     </span>
     <span class='ocr_line' id='line_1_34' title="bbox 330 2784 966 2827; baseline 0 -10"><span class='ocrx_word' id='word_1_273' title='bbox 330 2793 451 2827; x_wconf 87' lang='lat' dir='ltr'>pugna</span> <span class='ocrx_word' id='word_1_274' title='bbox 477 2788 532 2817; x_wconf 87' lang='lat' dir='ltr'>est</span> <span class='ocrx_word' id='word_1_275' title='bbox 556 2784 658 2827; x_wconf 85' lang='lat' dir='ltr'>(Eur.</span> <span class='ocrx_word' id='word_1_276' title='bbox 686 2784 819 2818; x_wconf 88' lang='lat' dir='ltr'>Phoen.</span> <span class='ocrx_word' id='word_1_277' title='bbox 851 2786 966 2827; x_wconf 80' lang='lat'>1326).</span> 
     </span>
    </p>
   </div>
  </div>
 </body>
</html>
