<?xml version="1.0" encoding="UTF-8"?>
<!DOCTYPE html PUBLIC "-//W3C//DTD XHTML 1.0 Transitional//EN"
    "http://www.w3.org/TR/xhtml1/DTD/xhtml1-transitional.dtd">
<html xmlns="http://www.w3.org/1999/xhtml" xml:lang="en" lang="en">
 <head>
  <title>
</title>
<meta http-equiv="Content-Type" content="text/html;charset=utf-8" />
  <meta name='ocr-system' content='tesseract 3.04.00' />
  <meta name='ocr-capabilities' content='ocr_page ocr_carea ocr_par ocr_line ocrx_word'/>
</head>
<body>
  <div class='ocr_page' id='page_1' title='image "./deelocutionispin00schuuoft_0047.png"; bbox 0 0 2111 3303; ppageno 0'>
   <div class='ocr_carea' id='block_1_1' title="bbox 969 220 1024 261">
    <p class='ocr_par' dir='ltr' id='par_1_1' title="bbox 969 220 1024 261">
     <span class='ocr_line' id='line_1_1' title="bbox 969 220 1024 261; baseline -0.018 0"><span class='ocrx_word' id='word_1_1' title='bbox 969 220 1024 261; x_wconf 81' lang='lat'>43</span> 
     </span>
    </p>
   </div>
   <div class='ocr_carea' id='block_1_2' title="bbox 270 334 1724 2546">
    <p class='ocr_par' dir='ltr' id='par_1_2' title="bbox 270 334 1724 2546">
     <span class='ocr_line' id='line_1_2' title="bbox 281 334 1724 391; baseline -0.002 -14"><span class='ocrx_word' id='word_1_2' title='bbox 281 335 559 391; x_wconf 81' lang='lat' dir='ltr'>Thrasybuli</span> <span class='ocrx_word' id='word_1_3' title='bbox 608 335 742 377; x_wconf 90' lang='lat' dir='ltr'>animi</span> <span class='ocrx_word' id='word_1_4' title='bbox 795 349 988 391; x_wconf 85' lang='lat' dir='ltr'>aequare</span> <span class='ocrx_word' id='word_1_5' title='bbox 1042 334 1250 376; x_wconf 86' lang='lat' dir='ltr'>dicuntur</span> <span class='ocrx_word' id='word_1_6' title='bbox 1303 337 1514 386; x_wconf 82' lang='grc' dir='ltr'><em>μελισσᾶν</em></span> <span class='ocrx_word' id='word_1_7' title='bbox 1565 334 1724 387; x_wconf 79' lang='grc' dir='ltr'>τρητὸν</span> 
     </span>
     <span class='ocr_line' id='line_1_3' title="bbox 278 409 1722 467; baseline -0.002 -13"><span class='ocrx_word' id='word_1_8' title='bbox 278 415 430 465; x_wconf 81' lang='grc' dir='ltr'>πόνου,</span> <span class='ocrx_word' id='word_1_9' title='bbox 464 409 566 454; x_wconf 56' lang='grc' dir='ltr'>ᾖξε.</span> <span class='ocrx_word' id='word_1_10' title='bbox 588 411 732 454; x_wconf 80' lang='lat' dir='ltr'>mellis</span> <span class='ocrx_word' id='word_1_11' title='bbox 755 411 1044 462; x_wconf 87' lang='lat' dir='ltr'>dulcedinem,</span> <span class='ocrx_word' id='word_1_12' title='bbox 1070 411 1271 467; x_wconf 85' lang='lat' dir='ltr'>quamvis</span> <span class='ocrx_word' id='word_1_13' title='bbox 1295 410 1348 452; x_wconf 89' lang='lat' dir='ltr'>de</span> <span class='ocrx_word' id='word_1_14' title='bbox 1370 410 1487 453; x_wconf 81' lang='lat' dir='ltr'>favis</span> <span class='ocrx_word' id='word_1_15' title='bbox 1510 410 1722 466; x_wconf 84' lang='lat' dir='ltr'>loquatur</span> 
     </span>
     <span class='ocr_line' id='line_1_4' title="bbox 276 486 1721 546; baseline -0.002 -15"><span class='ocrx_word' id='word_1_16' title='bbox 276 491 411 546; x_wconf 86' lang='lat' dir='ltr'>poeta</span> <span class='ocrx_word' id='word_1_17' title='bbox 441 514 496 518; x_wconf 92' lang='lat'>——</span> <span class='ocrx_word' id='word_1_18' title='bbox 529 488 605 531; x_wconf 88' lang='lat' dir='ltr'>sed</span> <span class='ocrx_word' id='word_1_19' title='bbox 636 488 852 545; x_wconf 84' lang='lat' dir='ltr'>imprimis</span> <span class='ocrx_word' id='word_1_20' title='bbox 871 488 1066 530; x_wconf 76' lang='lat' dir='ltr'>Pindaro</span> <span class='ocrx_word' id='word_1_21' title='bbox 1100 487 1299 543; x_wconf 80' lang='lat' dir='ltr'>exemplo</span> <span class='ocrx_word' id='word_1_22' title='bbox 1333 487 1421 529; x_wconf 81' lang='lat' dir='ltr'>fuit</span> <span class='ocrx_word' id='word_1_23' title='bbox 1441 486 1721 529; x_wconf 85' lang='lat' dir='ltr'>Homericum</span> 
     </span>
     <span class='ocr_line' id='line_1_5' title="bbox 276 563 1718 619; baseline -0.002 -12"><span class='ocrx_word' id='word_1_24' title='bbox 276 565 389 608; x_wconf 80' lang='lat' dir='ltr'>illud</span> <span class='ocrx_word' id='word_1_25' title='bbox 428 565 472 607; x_wconf 89' lang='lat' dir='ltr'><strong>A</strong></span> <span class='ocrx_word' id='word_1_26' title='bbox 502 566 630 619; x_wconf 74' lang='lat'>2491)</span> <span class='ocrx_word' id='word_1_27' title='bbox 672 565 725 608; x_wconf 89' lang='lat' dir='ltr'>de</span> <span class='ocrx_word' id='word_1_28' title='bbox 766 565 975 608; x_wconf 77' lang='lat' dir='ltr'>Nestoris</span> <span class='ocrx_word' id='word_1_29' title='bbox 1019 579 1123 607; x_wconf 85' lang='lat' dir='ltr'>voce</span> <span class='ocrx_word' id='word_1_30' title='bbox 1166 564 1293 606; x_wconf 79' lang='lat' dir='ltr'>melle</span> <span class='ocrx_word' id='word_1_31' title='bbox 1338 564 1535 606; x_wconf 81' lang='lat' dir='ltr'>dulciore</span> <span class='ocrx_word' id='word_1_32' title='bbox 1575 569 1620 606; x_wconf 88' lang='lat' dir='ltr'>et</span> <span class='ocrx_word' id='word_1_33' title='bbox 1653 563 1718 606; x_wconf 85' lang='lat' dir='ltr'>Si-</span> 
     </span>
     <span class='ocr_line' id='line_1_6' title="bbox 276 640 1717 698; baseline -0.003 -13"><span class='ocrx_word' id='word_1_34' title='bbox 276 658 432 685; x_wconf 81' lang='lat' dir='ltr'>renum</span> <span class='ocrx_word' id='word_1_35' title='bbox 474 642 707 698; x_wconf 70' lang='lat' dir='ltr'>epitheton</span> <span class='ocrx_word' id='word_1_36' title='bbox 751 645 1006 696; x_wconf 74' lang='grc' dir='ltr'><em>μελίγηρος,</em></span> <span class='ocrx_word' id='word_1_37' title='bbox 1052 640 1167 697; x_wconf 86' lang='lat' dir='ltr'>quod</span> <span class='ocrx_word' id='word_1_38' title='bbox 1213 656 1300 682; x_wconf 89' lang='lat' dir='ltr'>non</span> <span class='ocrx_word' id='word_1_39' title='bbox 1348 640 1486 682; x_wconf 84' lang='lat' dir='ltr'>solum</span> <span class='ocrx_word' id='word_1_40' title='bbox 1534 640 1717 696; x_wconf 83' lang='lat' dir='ltr'>recepit,</span> 
     </span>
     <span class='ocr_line' id='line_1_7' title="bbox 277 717 1717 773; baseline -0.003 -11"><span class='ocrx_word' id='word_1_41' title='bbox 277 719 355 762; x_wconf 84' lang='lat' dir='ltr'>sed</span> <span class='ocrx_word' id='word_1_42' title='bbox 387 720 522 762; x_wconf 87' lang='lat' dir='ltr'>etiam</span> <span class='ocrx_word' id='word_1_43' title='bbox 544 719 741 761; x_wconf 82' lang='lat' dir='ltr'>variavit</span> <span class='ocrx_word' id='word_1_44' title='bbox 772 719 817 760; x_wconf 91' lang='lat' dir='ltr'>in</span> <span class='ocrx_word' id='word_1_45' title='bbox 838 721 1156 772; x_wconf 69' lang='grc' dir='ltr'>μελίφθογγος,</span> <span class='ocrx_word' id='word_1_46' title='bbox 1187 717 1303 760; x_wconf 88' lang='lat' dir='ltr'>unde</span> <span class='ocrx_word' id='word_1_47' title='bbox 1333 717 1442 760; x_wconf 86' lang='lat' dir='ltr'>haec</span> <span class='ocrx_word' id='word_1_48' title='bbox 1463 717 1717 773; x_wconf 84' lang='lat' dir='ltr'>quaestiun-</span> 
     </span>
     <span class='ocr_line' id='line_1_8' title="bbox 277 794 1717 849; baseline 0 -11"><span class='ocrx_word' id='word_1_49' title='bbox 277 797 376 839; x_wconf 84' lang='lat' dir='ltr'>cula</span> <span class='ocrx_word' id='word_1_50' title='bbox 408 802 510 839; x_wconf 78' lang='lat' dir='ltr'>orta</span> <span class='ocrx_word' id='word_1_51' title='bbox 541 799 623 849; x_wconf 80' lang='lat' dir='ltr'>est,</span> <span class='ocrx_word' id='word_1_52' title='bbox 656 798 703 839; x_wconf 89' lang='lat' dir='ltr'>et</span> <span class='ocrx_word' id='word_1_53' title='bbox 734 795 972 837; x_wconf 75' lang='lat' dir='ltr'>audaciora</span> <span class='ocrx_word' id='word_1_54' title='bbox 1002 794 1083 837; x_wconf 80' lang='lat' dir='ltr'>illa</span> <span class='ocrx_word' id='word_1_55' title='bbox 1113 798 1381 848; x_wconf 76' lang='grc' dir='ltr'><em>μελίκομπος</em></span> <span class='ocrx_word' id='word_1_56' title='bbox 1408 796 1717 848; x_wconf 76' lang='grc' dir='ltr'><em>μελίγδουπος.</em></span> 
     </span>
     <span class='ocr_line' id='line_1_9' title="bbox 277 871 1718 928; baseline -0.003 -12"><span class='ocrx_word' id='word_1_57' title='bbox 277 873 356 916; x_wconf 86' lang='lat' dir='ltr'>Sin</span> <span class='ocrx_word' id='word_1_58' title='bbox 387 876 537 916; x_wconf 78' lang='lat' dir='ltr'>autem</span> <span class='ocrx_word' id='word_1_59' title='bbox 567 874 822 928; x_wconf 85' lang='lat' dir='ltr'>fragmento</span> <span class='ocrx_word' id='word_1_60' title='bbox 854 873 978 914; x_wconf 74' lang='lat' dir='ltr'>246a</span> <span class='ocrx_word' id='word_1_61' title='bbox 1010 871 1199 928; x_wconf 87' lang='lat' dir='ltr'>pessime</span> <span class='ocrx_word' id='word_1_62' title='bbox 1229 871 1385 914; x_wconf 84' lang='lat' dir='ltr'>habito</span> <span class='ocrx_word' id='word_1_63' title='bbox 1418 871 1615 913; x_wconf 85' lang='lat' dir='ltr'>carmina</span> <span class='ocrx_word' id='word_1_64' title='bbox 1646 887 1718 925; x_wconf 83' lang='grc' dir='ltr'>με-</span> 
     </span>
     <span class='ocr_line' id='line_1_10' title="bbox 276 948 1717 1004; baseline -0.003 -11"><span class='ocrx_word' id='word_1_65' title='bbox 276 954 466 1004; x_wconf 77' lang='grc' dir='ltr'><em>λίρροθα</em></span> <span class='ocrx_word' id='word_1_66' title='bbox 496 950 725 1002; x_wconf 82' lang='lat' dir='ltr'>dicuntur,</span> <span class='ocrx_word' id='word_1_67' title='bbox 767 949 850 992; x_wconf 90' lang='lat' dir='ltr'>hoc</span> <span class='ocrx_word' id='word_1_68' title='bbox 881 949 938 992; x_wconf 88' lang='lat' dir='ltr'>ad</span> <span class='ocrx_word' id='word_1_69' title='bbox 966 949 1111 991; x_wconf 87' lang='lat' dir='ltr'>mellis</span> <span class='ocrx_word' id='word_1_70' title='bbox 1147 963 1296 991; x_wconf 84' lang='lat' dir='ltr'>vocem</span> <span class='ocrx_word' id='word_1_71' title='bbox 1326 948 1527 1004; x_wconf 72' lang='lat' dir='ltr'>pertinet</span> <span class='ocrx_word' id='word_1_72' title='bbox 1558 962 1585 990; x_wconf 88' lang='lat' dir='ltr'>a</span> <span class='ocrx_word' id='word_1_73' title='bbox 1616 948 1717 989; x_wconf 85' lang='lat' dir='ltr'>Pin-</span> 
     </span>
     <span class='ocr_line' id='line_1_11' title="bbox 276 1024 1718 1081; baseline -0.002 -12"><span class='ocrx_word' id='word_1_74' title='bbox 276 1027 383 1069; x_wconf 87' lang='lat' dir='ltr'>daro</span> <span class='ocrx_word' id='word_1_75' title='bbox 417 1027 469 1069; x_wconf 90' lang='lat' dir='ltr'>de</span> <span class='ocrx_word' id='word_1_76' title='bbox 502 1026 693 1069; x_wconf 83' lang='lat' dir='ltr'>carmine</span> <span class='ocrx_word' id='word_1_77' title='bbox 725 1029 999 1081; x_wconf 78' lang='lat' dir='ltr'>usurpatam,</span> <span class='ocrx_word' id='word_1_78' title='bbox 1045 1025 1119 1081; x_wconf 86' lang='lat' dir='ltr'>qui</span> <span class='ocrx_word' id='word_1_79' title='bbox 1162 1040 1266 1067; x_wconf 86' lang='lat' dir='ltr'>usus</span> <span class='ocrx_word' id='word_1_80' title='bbox 1301 1024 1517 1080; x_wconf 76' lang='lat' dir='ltr'>originem</span> <span class='ocrx_word' id='word_1_81' title='bbox 1549 1024 1718 1078; x_wconf 79' lang='lat' dir='ltr'>cepisse</span> 
     </span>
     <span class='ocr_line' id='line_1_12' title="bbox 274 1101 1717 1159; baseline -0.002 -12"><span class='ocrx_word' id='word_1_82' title='bbox 274 1104 456 1147; x_wconf 84' lang='lat' dir='ltr'>videtur</span> <span class='ocrx_word' id='word_1_83' title='bbox 488 1105 542 1146; x_wconf 90' lang='lat' dir='ltr'>ab</span> <span class='ocrx_word' id='word_1_84' title='bbox 574 1103 765 1159; x_wconf 79' lang='lat' dir='ltr'>imagine</span> <span class='ocrx_word' id='word_1_85' title='bbox 797 1102 992 1158; x_wconf 83' lang='lat' dir='ltr'>potionis</span> <span class='ocrx_word' id='word_1_86' title='bbox 1035 1117 1088 1144; x_wconf 85' lang='lat' dir='ltr'>ex</span> <span class='ocrx_word' id='word_1_87' title='bbox 1127 1102 1258 1144; x_wconf 82' lang='lat' dir='ltr'>melle</span> <span class='ocrx_word' id='word_1_88' title='bbox 1305 1105 1350 1144; x_wconf 85' lang='lat' dir='ltr'>et</span> <span class='ocrx_word' id='word_1_89' title='bbox 1388 1101 1506 1144; x_wconf 82' lang='lat' dir='ltr'>lacte</span> <span class='ocrx_word' id='word_1_90' title='bbox 1536 1101 1717 1154; x_wconf 79' lang='lat' dir='ltr'>mixtae,</span> 
     </span>
     <span class='ocr_line' id='line_1_13' title="bbox 274 1179 1718 1237; baseline -0.001 -14"><span class='ocrx_word' id='word_1_91' title='bbox 274 1181 345 1224; x_wconf 88' lang='lat' dir='ltr'>cui</span> <span class='ocrx_word' id='word_1_92' title='bbox 376 1195 553 1223; x_wconf 85' lang='lat' dir='ltr'>carmen</span> <span class='ocrx_word' id='word_1_93' title='bbox 584 1196 710 1223; x_wconf 87' lang='lat' dir='ltr'>suum</span> <span class='ocrx_word' id='word_1_94' title='bbox 741 1186 972 1237; x_wconf 74' lang='lat' dir='ltr'>comparat</span> <span class='ocrx_word' id='word_1_95' title='bbox 1005 1179 1046 1222; x_wconf 88' lang='lat' dir='ltr'>N</span> <span class='ocrx_word' id='word_1_96' title='bbox 1077 1179 1152 1221; x_wconf 86' lang='grc' dir='ltr'>ΙΠ</span> <span class='ocrx_word' id='word_1_97' title='bbox 1173 1180 1227 1220; x_wconf 82' lang='grc'>77</span> <span class='ocrx_word' id='word_1_98' title='bbox 1262 1179 1378 1221; x_wconf 79' lang='lat' dir='ltr'>sicut</span> <span class='ocrx_word' id='word_1_99' title='bbox 1409 1194 1505 1221; x_wconf 89' lang='lat' dir='ltr'>cum</span> <span class='ocrx_word' id='word_1_100' title='bbox 1535 1185 1718 1221; x_wconf 78' lang='lat' dir='ltr'>nectare</span> 
     </span>
     <span class='ocr_line' id='line_1_14' title="bbox 275 1256 1719 1314; baseline -0.002 -14"><span class='ocrx_word' id='word_1_101' title='bbox 275 1260 505 1314; x_wconf 86' lang='lat' dir='ltr'>comparat</span> <span class='ocrx_word' id='word_1_102' title='bbox 537 1258 573 1301; x_wconf 86' lang='lat' dir='ltr'>O</span> <span class='ocrx_word' id='word_1_103' title='bbox 606 1257 699 1300; x_wconf 85' lang='lat' dir='ltr'>VH</span> <span class='ocrx_word' id='word_1_104' title='bbox 731 1259 769 1310; x_wconf 79' lang='lat'>7,</span> <span class='ocrx_word' id='word_1_105' title='bbox 811 1259 858 1300; x_wconf 88' lang='lat' dir='ltr'>et</span> <span class='ocrx_word' id='word_1_106' title='bbox 888 1257 1030 1299; x_wconf 87' lang='lat' dir='ltr'>minus</span> <span class='ocrx_word' id='word_1_107' title='bbox 1064 1257 1200 1298; x_wconf 81' lang='lat' dir='ltr'>durus</span> <span class='ocrx_word' id='word_1_108' title='bbox 1244 1259 1313 1298; x_wconf 84' lang='lat' dir='ltr'>est</span> <span class='ocrx_word' id='word_1_109' title='bbox 1354 1256 1400 1297; x_wconf 91' lang='lat' dir='ltr'>in</span> <span class='ocrx_word' id='word_1_110' title='bbox 1432 1256 1656 1298; x_wconf 88' lang='lat' dir='ltr'>locutione</span> <span class='ocrx_word' id='word_1_111' title='bbox 1688 1256 1719 1297; x_wconf 79' lang='lat' dir='ltr'><strong>J</strong></span> 
     </span>
     <span class='ocr_line' id='line_1_15' title="bbox 274 1332 1717 1390; baseline -0.002 -13"><span class='ocrx_word' id='word_1_112' title='bbox 274 1335 317 1378; x_wconf 90' lang='lat' dir='ltr'><strong>V</strong></span> <span class='ocrx_word' id='word_1_113' title='bbox 348 1336 402 1377; x_wconf 81' lang='lat'>53</span> <span class='ocrx_word' id='word_1_114' title='bbox 435 1335 483 1377; x_wconf 82' lang='grc' dir='ltr'>ἐν</span> <span class='ocrx_word' id='word_1_115' title='bbox 514 1334 653 1389; x_wconf 78' lang='grc' dir='ltr'><em>μέλιτι</em></span> <span class='ocrx_word' id='word_1_116' title='bbox 685 1333 755 1376; x_wconf 81' lang='grc' dir='ltr'>καὶ</span> <span class='ocrx_word' id='word_1_117' title='bbox 786 1340 908 1389; x_wconf 77' lang='grc' dir='ltr'><em>τιμᾷ,</em></span> <span class='ocrx_word' id='word_1_118' title='bbox 957 1348 1067 1390; x_wconf 87' lang='lat' dir='ltr'>quae</span> <span class='ocrx_word' id='word_1_119' title='bbox 1113 1338 1182 1376; x_wconf 84' lang='lat' dir='ltr'>est</span> <span class='ocrx_word' id='word_1_120' title='bbox 1227 1333 1281 1376; x_wconf 91' lang='lat' dir='ltr'>de</span> <span class='ocrx_word' id='word_1_121' title='bbox 1314 1334 1508 1375; x_wconf 81' lang='lat' dir='ltr'>carmine</span> <span class='ocrx_word' id='word_1_122' title='bbox 1552 1338 1598 1375; x_wconf 88' lang='lat' dir='ltr'>et</span> <span class='ocrx_word' id='word_1_123' title='bbox 1642 1332 1717 1374; x_wconf 75' lang='lat' dir='ltr'>ho-</span> 
     </span>
     <span class='ocr_line' id='line_1_16' title="bbox 273 1409 1716 1467; baseline -0.003 -12"><span class='ocrx_word' id='word_1_124' title='bbox 273 1427 427 1455; x_wconf 88' lang='lat' dir='ltr'>norem</span> <span class='ocrx_word' id='word_1_125' title='bbox 458 1412 677 1454; x_wconf 83' lang='lat' dir='ltr'>afferente</span> <span class='ocrx_word' id='word_1_126' title='bbox 708 1414 754 1454; x_wconf 92' lang='lat' dir='ltr'>et</span> <span class='ocrx_word' id='word_1_127' title='bbox 786 1411 1053 1461; x_wconf 84' lang='lat' dir='ltr'>dulcissimo,</span> <span class='ocrx_word' id='word_1_128' title='bbox 1088 1426 1219 1467; x_wconf 87' lang='lat' dir='ltr'>quam</span> <span class='ocrx_word' id='word_1_129' title='bbox 1238 1410 1355 1452; x_wconf 91' lang='lat' dir='ltr'>nude</span> <span class='ocrx_word' id='word_1_130' title='bbox 1378 1410 1572 1466; x_wconf 73' lang='lat' dir='ltr'>positum</span> <span class='ocrx_word' id='word_1_131' title='bbox 1604 1409 1716 1451; x_wconf 83' lang='lat' dir='ltr'>illud</span> 
     </span>
     <span class='ocr_line' id='line_1_17' title="bbox 275 1487 1713 1543; baseline -0.002 -12"><span class='ocrx_word' id='word_1_132' title='bbox 275 1489 310 1532; x_wconf 92' lang='grc' dir='ltr'>Ο</span> <span class='ocrx_word' id='word_1_133' title='bbox 342 1488 387 1530; x_wconf 83' lang='grc' dir='ltr'>Χ</span> <span class='ocrx_word' id='word_1_134' title='bbox 419 1489 473 1530; x_wconf 74' lang='lat'>98</span> <span class='ocrx_word' id='word_1_135' title='bbox 519 1488 658 1542; x_wconf 79' lang='grc' dir='ltr'><em>μέλιτι</em></span> <span class='ocrx_word' id='word_1_136' title='bbox 698 1487 978 1543; x_wconf 78' lang='grc' dir='ltr'><em>καταβρέχων</em></span> <span class='ocrx_word' id='word_1_137' title='bbox 1010 1490 1140 1530; x_wconf 81' lang='grc' dir='ltr'><em>πόλιν</em></span> <span class='ocrx_word' id='word_1_138' title='bbox 1173 1503 1275 1543; x_wconf 81' lang='lat' dir='ltr'>pro:</span> <span class='ocrx_word' id='word_1_139' title='bbox 1324 1489 1479 1529; x_wconf 86' lang='lat' dir='ltr'>urbem</span> <span class='ocrx_word' id='word_1_140' title='bbox 1519 1487 1713 1529; x_wconf 87' lang='lat' dir='ltr'>carmine</span> 
     </span>
     <span class='ocr_line' id='line_1_18' title="bbox 271 1564 1715 1622; baseline 0 -15"><span class='ocrx_word' id='word_1_141' title='bbox 271 1565 518 1619; x_wconf 76' lang='lat' dir='ltr'>honorans,</span> <span class='ocrx_word' id='word_1_142' title='bbox 560 1566 676 1622; x_wconf 88' lang='lat' dir='ltr'>quod</span> <span class='ocrx_word' id='word_1_143' title='bbox 707 1566 851 1608; x_wconf 83' lang='lat' dir='ltr'>lenius</span> <span class='ocrx_word' id='word_1_144' title='bbox 884 1566 936 1608; x_wconf 87' lang='lat' dir='ltr'>fit</span> <span class='ocrx_word' id='word_1_145' title='bbox 978 1580 1027 1608; x_wconf 87' lang='lat' dir='ltr'>eo</span> <span class='ocrx_word' id='word_1_146' title='bbox 1061 1565 1178 1621; x_wconf 88' lang='lat' dir='ltr'>quod</span> <span class='ocrx_word' id='word_1_147' title='bbox 1218 1580 1305 1607; x_wconf 77' lang='lat' dir='ltr'>vox</span> <span class='ocrx_word' id='word_1_148' title='bbox 1344 1579 1456 1621; x_wconf 86' lang='lat' dir='ltr'>quae</span> <span class='ocrx_word' id='word_1_149' title='bbox 1488 1564 1715 1607; x_wconf 84' lang='lat' dir='ltr'>antecedit</span> 
     </span>
     <span class='ocr_line' id='line_1_19' title="bbox 271 1642 1714 1696; baseline -0.001 -12"><span class='ocrx_word' id='word_1_150' title='bbox 271 1659 311 1684; x_wconf 85' lang='lat' dir='ltr'>v,</span> <span class='ocrx_word' id='word_1_151' title='bbox 345 1643 401 1684; x_wconf 79' lang='lat'>94</span> <span class='ocrx_word' id='word_1_152' title='bbox 432 1643 673 1684; x_wconf 76' lang='grc' dir='ltr'><em>ἀναπάσσει</em></span> <span class='ocrx_word' id='word_1_153' title='bbox 705 1642 871 1685; x_wconf 80' lang='lat' dir='ltr'>collato</span> <span class='ocrx_word' id='word_1_154' title='bbox 906 1659 930 1696; x_wconf 88' lang='grc' dir='ltr'><em>γ</em></span> <span class='ocrx_word' id='word_1_155' title='bbox 960 1642 1044 1683; x_wconf 74' lang='lat'>445</span> <span class='ocrx_word' id='word_1_156' title='bbox 1083 1642 1138 1684; x_wconf 83' lang='lat' dir='ltr'>ad</span> <span class='ocrx_word' id='word_1_157' title='bbox 1179 1657 1250 1685; x_wconf 85' lang='lat' dir='ltr'>res</span> <span class='ocrx_word' id='word_1_158' title='bbox 1284 1656 1435 1684; x_wconf 85' lang='lat' dir='ltr'>sacras</span> <span class='ocrx_word' id='word_1_159' title='bbox 1477 1657 1555 1684; x_wconf 89' lang='lat' dir='ltr'>nos</span> <span class='ocrx_word' id='word_1_160' title='bbox 1588 1656 1714 1684; x_wconf 86' lang='lat' dir='ltr'>revo-</span> 
     </span>
     <span class='ocr_line' id='line_1_20' title="bbox 271 1718 1712 1775; baseline -0.003 -12"><span class='ocrx_word' id='word_1_161' title='bbox 271 1734 372 1763; x_wconf 86' lang='lat' dir='ltr'>care</span> <span class='ocrx_word' id='word_1_162' title='bbox 405 1719 599 1762; x_wconf 80' lang='lat' dir='ltr'>videtur.</span> <span class='ocrx_word' id='word_1_163' title='bbox 649 1719 986 1762; x_wconf 85' lang='lat' dir='ltr'>Praetereundo</span> <span class='ocrx_word' id='word_1_164' title='bbox 1010 1719 1256 1762; x_wconf 86' lang='lat' dir='ltr'>monuerim</span> <span class='ocrx_word' id='word_1_165' title='bbox 1277 1722 1455 1774; x_wconf 87' lang='lat' dir='ltr'>poetam</span> <span class='ocrx_word' id='word_1_166' title='bbox 1485 1719 1542 1760; x_wconf 83' lang='lat' dir='ltr'>fr.</span> <span class='ocrx_word' id='word_1_167' title='bbox 1564 1718 1712 1775; x_wconf 82' lang='lat' dir='ltr'>adesp.</span> 
     </span>
     <span class='ocr_line' id='line_1_21' title="bbox 270 1796 1715 1850; baseline -0.001 -12"><span class='ocrx_word' id='word_1_168' title='bbox 270 1797 323 1839; x_wconf 78' lang='lat'>81</span> <span class='ocrx_word' id='word_1_169' title='bbox 347 1797 426 1850; x_wconf 75' lang='lat'>13⁴,</span> <span class='ocrx_word' id='word_1_170' title='bbox 460 1812 556 1839; x_wconf 90' lang='lat' dir='ltr'>cum</span> <span class='ocrx_word' id='word_1_171' title='bbox 586 1796 702 1839; x_wconf 90' lang='lat' dir='ltr'>mira</span> <span class='ocrx_word' id='word_1_172' title='bbox 732 1796 908 1839; x_wconf 86' lang='lat' dir='ltr'>ratione</span> <span class='ocrx_word' id='word_1_173' title='bbox 940 1797 1136 1839; x_wconf 88' lang='lat' dir='ltr'>carmina</span> <span class='ocrx_word' id='word_1_174' title='bbox 1157 1797 1387 1838; x_wconf 87' lang='lat' dir='ltr'>Musarum</span> <span class='ocrx_word' id='word_1_175' title='bbox 1417 1796 1715 1850; x_wconf 80' lang='grc' dir='ltr'><em>μελιπτέρωτα</em></span> 
     </span>
     <span class='ocr_line' id='line_1_22' title="bbox 270 1873 1582 1927; baseline -0.002 -11"><span class='ocrx_word' id='word_1_176' title='bbox 270 1873 402 1927; x_wconf 84' lang='lat' dir='ltr'>dicat,</span> <span class='ocrx_word' id='word_1_177' title='bbox 435 1874 633 1916; x_wconf 75' lang='lat' dir='ltr'>fortasse</span> <span class='ocrx_word' id='word_1_178' title='bbox 665 1873 910 1916; x_wconf 86' lang='lat' dir='ltr'>Pindarum</span> <span class='ocrx_word' id='word_1_179' title='bbox 941 1873 1056 1916; x_wconf 86' lang='lat' dir='ltr'>male</span> <span class='ocrx_word' id='word_1_180' title='bbox 1087 1873 1369 1916; x_wconf 78' lang='lat' dir='ltr'>intellectum</span> <span class='ocrx_word' id='word_1_181' title='bbox 1400 1873 1582 1914; x_wconf 85' lang='lat' dir='ltr'>imitari.</span> 
     </span>
     <span class='ocr_line' id='line_1_23' title="bbox 388 1937 1714 2007; baseline -0.001 -14"><span class='ocrx_word' id='word_1_182' title='bbox 388 1951 602 1993; x_wconf 78' lang='lat' dir='ltr'>Extremo</span> <span class='ocrx_word' id='word_1_183' title='bbox 633 1950 742 2003; x_wconf 81' lang='lat' dir='ltr'>loco,</span> <span class='ocrx_word' id='word_1_184' title='bbox 777 1950 850 2007; x_wconf 85' lang='lat' dir='ltr'>qui</span> <span class='ocrx_word' id='word_1_185' title='bbox 872 1937 1070 1992; x_wconf 88' lang='lat' dir='ltr'>Pindaro</span> <span class='ocrx_word' id='word_1_186' title='bbox 1104 1966 1232 2007; x_wconf 83' lang='lat' dir='ltr'>quam</span> <span class='ocrx_word' id='word_1_187' title='bbox 1254 1950 1441 1992; x_wconf 85' lang='lat' dir='ltr'>maxime</span> <span class='ocrx_word' id='word_1_188' title='bbox 1474 1949 1598 1992; x_wconf 88' lang='lat' dir='ltr'>cordi</span> <span class='ocrx_word' id='word_1_189' title='bbox 1631 1951 1714 2002; x_wconf 85' lang='lat' dir='ltr'>est,</span> 
     </span>
     <span class='ocr_line' id='line_1_24' title="bbox 270 2026 1716 2083; baseline -0.001 -13"><span class='ocrx_word' id='word_1_190' title='bbox 270 2027 490 2070; x_wconf 76' lang='lat' dir='ltr'>Hercules</span> <span class='ocrx_word' id='word_1_191' title='bbox 522 2028 650 2070; x_wconf 84' lang='lat' dir='ltr'>brevi</span> <span class='ocrx_word' id='word_1_192' title='bbox 680 2028 902 2070; x_wconf 87' lang='lat' dir='ltr'>mentione</span> <span class='ocrx_word' id='word_1_193' title='bbox 933 2028 1093 2083; x_wconf 80' lang='lat' dir='ltr'>dignus</span> <span class='ocrx_word' id='word_1_194' title='bbox 1127 2042 1223 2070; x_wconf 79' lang='lat' dir='ltr'>esse</span> <span class='ocrx_word' id='word_1_195' title='bbox 1246 2027 1440 2080; x_wconf 76' lang='lat' dir='ltr'>videtur,</span> <span class='ocrx_word' id='word_1_196' title='bbox 1474 2041 1561 2083; x_wconf 86' lang='lat' dir='ltr'>qua</span> <span class='ocrx_word' id='word_1_197' title='bbox 1591 2026 1636 2068; x_wconf 90' lang='lat' dir='ltr'>in</span> <span class='ocrx_word' id='word_1_198' title='bbox 1669 2041 1716 2069; x_wconf 85' lang='lat' dir='ltr'>re</span> 
     </span>
     <span class='ocr_line' id='line_1_25' title="bbox 271 2103 1714 2161; baseline -0.001 -14"><span class='ocrx_word' id='word_1_199' title='bbox 271 2107 421 2147; x_wconf 86' lang='lat' dir='ltr'>tamen</span> <span class='ocrx_word' id='word_1_200' title='bbox 452 2119 606 2147; x_wconf 89' lang='lat' dir='ltr'>moneo</span> <span class='ocrx_word' id='word_1_201' title='bbox 637 2104 827 2161; x_wconf 82' lang='lat' dir='ltr'>periisse</span> <span class='ocrx_word' id='word_1_202' title='bbox 866 2104 1062 2147; x_wconf 86' lang='lat' dir='ltr'>carmina</span> <span class='ocrx_word' id='word_1_203' title='bbox 1106 2104 1250 2160; x_wconf 86' lang='lat' dir='ltr'>epica,</span> <span class='ocrx_word' id='word_1_204' title='bbox 1295 2104 1452 2160; x_wconf 81' lang='lat' dir='ltr'>quibus</span> <span class='ocrx_word' id='word_1_205' title='bbox 1496 2103 1714 2145; x_wconf 82' lang='lat' dir='ltr'>Hercules</span> 
     </span>
     <span class='ocr_line' id='line_1_26' title="bbox 271 2181 1715 2238; baseline -0.001 -14"><span class='ocrx_word' id='word_1_206' title='bbox 271 2181 556 2237; x_wconf 85' lang='lat' dir='ltr'>praedicatus</span> <span class='ocrx_word' id='word_1_207' title='bbox 589 2186 678 2235; x_wconf 78' lang='lat' dir='ltr'>est,</span> <span class='ocrx_word' id='word_1_208' title='bbox 724 2188 858 2238; x_wconf 87' lang='lat' dir='ltr'>atque</span> <span class='ocrx_word' id='word_1_209' title='bbox 899 2182 944 2224; x_wconf 88' lang='lat' dir='ltr'>in</span> <span class='ocrx_word' id='word_1_210' title='bbox 985 2182 1048 2224; x_wconf 84' lang='lat' dir='ltr'>eis</span> <span class='ocrx_word' id='word_1_211' title='bbox 1091 2196 1201 2238; x_wconf 88' lang='lat' dir='ltr'>quae</span> <span class='ocrx_word' id='word_1_212' title='bbox 1233 2182 1359 2223; x_wconf 88' lang='lat' dir='ltr'>nobis</span> <span class='ocrx_word' id='word_1_213' title='bbox 1394 2184 1578 2224; x_wconf 84' lang='lat' dir='ltr'>servata</span> <span class='ocrx_word' id='word_1_214' title='bbox 1610 2184 1715 2223; x_wconf 87' lang='lat' dir='ltr'>sunt</span> 
     </span>
     <span class='ocr_line' id='line_1_27' title="bbox 271 2258 1713 2302; baseline 0 -1"><span class='ocrx_word' id='word_1_215' title='bbox 271 2258 510 2301; x_wconf 89' lang='lat' dir='ltr'>Herculem</span> <span class='ocrx_word' id='word_1_216' title='bbox 553 2259 770 2301; x_wconf 84' lang='lat' dir='ltr'>advenam</span> <span class='ocrx_word' id='word_1_217' title='bbox 818 2274 913 2302; x_wconf 89' lang='lat' dir='ltr'>esse</span> <span class='ocrx_word' id='word_1_218' title='bbox 959 2261 1005 2301; x_wconf 87' lang='lat' dir='ltr'>et</span> <span class='ocrx_word' id='word_1_219' title='bbox 1035 2259 1123 2301; x_wconf 85' lang='lat' dir='ltr'>nisi</span> <span class='ocrx_word' id='word_1_220' title='bbox 1155 2260 1200 2300; x_wconf 85' lang='lat' dir='ltr'>in</span> <span class='ocrx_word' id='word_1_221' title='bbox 1232 2259 1294 2301; x_wconf 89' lang='lat' dir='ltr'>eis</span> <span class='ocrx_word' id='word_1_222' title='bbox 1336 2261 1415 2301; x_wconf 85' lang='lat' dir='ltr'>aut</span> <span class='ocrx_word' id='word_1_223' title='bbox 1447 2258 1713 2301; x_wconf 83' lang='lat' dir='ltr'>carminibus</span> 
     </span>
     <span class='ocr_line' id='line_1_28' title="bbox 271 2336 1714 2393; baseline 0 -16"><span class='ocrx_word' id='word_1_224' title='bbox 271 2338 350 2378; x_wconf 88' lang='lat' dir='ltr'>aut</span> <span class='ocrx_word' id='word_1_225' title='bbox 381 2336 623 2378; x_wconf 81' lang='lat' dir='ltr'>carminum</span> <span class='ocrx_word' id='word_1_226' title='bbox 654 2336 882 2392; x_wconf 85' lang='lat' dir='ltr'>partibus,</span> <span class='ocrx_word' id='word_1_227' title='bbox 931 2351 1040 2393; x_wconf 84' lang='lat' dir='ltr'>quae</span> <span class='ocrx_word' id='word_1_228' title='bbox 1073 2336 1337 2378; x_wconf 89' lang='lat' dir='ltr'>recentioris</span> <span class='ocrx_word' id='word_1_229' title='bbox 1371 2336 1558 2391; x_wconf 81' lang='lat' dir='ltr'>originis</span> <span class='ocrx_word' id='word_1_230' title='bbox 1597 2339 1714 2387; x_wconf 82' lang='lat' dir='ltr'>sunt,</span> 
     </span>
     <span class='ocr_line' id='line_1_29' title="bbox 271 2413 1715 2470; baseline -0.001 -16"><span class='ocrx_word' id='word_1_231' title='bbox 271 2427 502 2470; x_wconf 87' lang='lat' dir='ltr'>apparere.</span> <span class='ocrx_word' id='word_1_232' title='bbox 550 2413 711 2470; x_wconf 84' lang='lat' dir='ltr'>Itaque</span> <span class='ocrx_word' id='word_1_233' title='bbox 732 2428 956 2470; x_wconf 88' lang='lat' dir='ltr'>perpauca</span> <span class='ocrx_word' id='word_1_234' title='bbox 988 2413 1162 2455; x_wconf 89' lang='lat' dir='ltr'>omnino</span> <span class='ocrx_word' id='word_1_235' title='bbox 1195 2415 1355 2456; x_wconf 73' lang='lat' dir='ltr'>extant</span> <span class='ocrx_word' id='word_1_236' title='bbox 1385 2413 1593 2456; x_wconf 87' lang='lat' dir='ltr'>Herculis</span> <span class='ocrx_word' id='word_1_237' title='bbox 1627 2413 1715 2469; x_wconf 91' lang='lat' dir='ltr'>epi-</span> 
     </span>
     <span class='ocr_line' id='line_1_30' title="bbox 270 2489 1715 2546; baseline -0.001 -14"><span class='ocrx_word' id='word_1_238' title='bbox 270 2489 401 2532; x_wconf 81' lang='lat' dir='ltr'>theta</span> <span class='ocrx_word' id='word_1_239' title='bbox 431 2490 575 2546; x_wconf 84' lang='lat' dir='ltr'>epica:</span> <span class='ocrx_word' id='word_1_240' title='bbox 605 2491 844 2545; x_wconf 78' lang='grc' dir='ltr'><em>Ἀλκμήνης</em></span> <span class='ocrx_word' id='word_1_241' title='bbox 876 2492 1059 2545; x_wconf 78' lang='grc' dir='ltr'><em>ἄλκιμος</em></span> <span class='ocrx_word' id='word_1_242' title='bbox 1098 2491 1194 2539; x_wconf 80' lang='grc' dir='ltr'><em>ὑιός</em></span> <span class='ocrx_word' id='word_1_243' title='bbox 1226 2490 1407 2545; x_wconf 78' lang='lat' dir='ltr'>(Theog.</span> <span class='ocrx_word' id='word_1_244' title='bbox 1440 2490 1555 2543; x_wconf 73' lang='grc'>526),</span> <span class='ocrx_word' id='word_1_245' title='bbox 1590 2495 1715 2538; x_wconf 79' lang='grc' dir='ltr'><em>θεῖος</em></span> 
     </span>
    </p>
   </div>
   <div class='ocr_carea' id='block_1_3' title="bbox 271 2671 1715 2840">
    <p class='ocr_par' dir='ltr' id='par_1_3' title="bbox 271 2671 1715 2840">
     <span class='ocr_line' id='line_1_31' title="bbox 370 2671 1712 2718; baseline 0.001 -12"><span class='ocrx_word' id='word_1_246' title='bbox 370 2674 403 2717; x_wconf 91' lang='lat' dir='ltr'>l)</span> <span class='ocrx_word' id='word_1_247' title='bbox 434 2673 565 2707; x_wconf 85' lang='lat' dir='ltr'>Locum</span> <span class='ocrx_word' id='word_1_248' title='bbox 602 2673 727 2708; x_wconf 81' lang='lat' dir='ltr'>Iliadis</span> <span class='ocrx_word' id='word_1_249' title='bbox 765 2674 892 2708; x_wconf 86' lang='lat' dir='ltr'>laudat</span> <span class='ocrx_word' id='word_1_250' title='bbox 930 2674 973 2708; x_wconf 88' lang='lat' dir='ltr'>fr.</span> <span class='ocrx_word' id='word_1_251' title='bbox 1003 2677 1068 2708; x_wconf 82' lang='lat'>152</span> <span class='ocrx_word' id='word_1_252' title='bbox 1109 2674 1418 2718; x_wconf 78' lang='grc' dir='ltr'><em>μελισσοτεύκτων</em></span> <span class='ocrx_word' id='word_1_253' title='bbox 1456 2675 1595 2717; x_wconf 75' lang='grc' dir='ltr'><strong><em>κηρίων</em></strong></span> <span class='ocrx_word' id='word_1_254' title='bbox 1644 2671 1712 2718; x_wconf 82' lang='grc' dir='ltr'>ἐμὰ</span> 
     </span>
     <span class='ocr_line' id='line_1_32' title="bbox 272 2737 1715 2783; baseline 0.001 -11"><span class='ocrx_word' id='word_1_255' title='bbox 272 2738 539 2782; x_wconf 78' lang='grc' dir='ltr'><em>γλυκερώτερος</em></span> <span class='ocrx_word' id='word_1_256' title='bbox 565 2737 685 2783; x_wconf 81' lang='grc' dir='ltr'><em>ὄμφά,</em></span> <span class='ocrx_word' id='word_1_257' title='bbox 724 2739 787 2773; x_wconf 90' lang='lat' dir='ltr'>ubi</span> <span class='ocrx_word' id='word_1_258' title='bbox 822 2740 903 2783; x_wconf 89' lang='lat' dir='ltr'>pari</span> <span class='ocrx_word' id='word_1_259' title='bbox 939 2739 1092 2774; x_wconf 77' lang='lat' dir='ltr'>artificio</span> <span class='ocrx_word' id='word_1_260' title='bbox 1129 2750 1169 2773; x_wconf 74' lang='lat' dir='ltr'>ac</span> <span class='ocrx_word' id='word_1_261' title='bbox 1204 2740 1231 2772; x_wconf 91' lang='lat' dir='ltr'>P</span> <span class='ocrx_word' id='word_1_262' title='bbox 1262 2740 1305 2772; x_wconf 86' lang='lat' dir='ltr'>IV</span> <span class='ocrx_word' id='word_1_263' title='bbox 1335 2742 1379 2774; x_wconf 74' lang='lat'>54</span> <span class='ocrx_word' id='word_1_264' title='bbox 1413 2740 1487 2774; x_wconf 87' lang='lat' dir='ltr'>favi</span> <span class='ocrx_word' id='word_1_265' title='bbox 1524 2740 1559 2773; x_wconf 91' lang='lat' dir='ltr'>in</span> <span class='ocrx_word' id='word_1_266' title='bbox 1599 2740 1715 2774; x_wconf 78' lang='lat' dir='ltr'>locum</span> 
     </span>
     <span class='ocr_line' id='line_1_33' title="bbox 271 2804 619 2840; baseline 0.006 -2"><span class='ocrx_word' id='word_1_267' title='bbox 271 2805 386 2839; x_wconf 83' lang='lat' dir='ltr'>mellis</span> <span class='ocrx_word' id='word_1_268' title='bbox 413 2804 619 2840; x_wconf 85' lang='lat' dir='ltr'>succedunt.</span> 
     </span>
    </p>
   </div>
  </div>
 </body>
</html>
