2111 3303
1023 198 1078 239 26

457 311 580 363 Quae
614 325 709 352 cum
740 311 806 353 ita
839 311 950 363 sint,
998 311 1302 367 quaestionem
1343 312 1428 354 nisi
1471 312 1647 355 collatis
1682 326 1778 354 car-

338 387 526 429 minibus
559 394 717 442 poetae
748 386 944 439 iuvenis,
987 387 1096 437 viri,
1140 387 1256 429 senis
1300 387 1356 430 ad
1387 388 1516 429 finem
1560 403 1647 430 non
1679 402 1776 443 per·

339 463 545 506 ducemus
576 465 712 519 atque
744 464 852 505 bene
882 463 1109 506 nobiscum
1141 467 1286 506 actum
1319 466 1400 516 est,
1441 464 1558 520 quod
1589 464 1778 507 materia

340 539 396 581 ad
425 539 538 581 hanc
569 539 872 595 quaestionem
905 539 1230 582 diiudicandam
1276 541 1406 596 larga
1436 541 1562 583 nobis
1593 543 1776 597 praesto
1818 553 1821 555 ’

341 619 423 658 est.
474 616 650 675 Extant
673 616 916 658 carminum
936 616 1194 658 iuvenilium
1229 617 1466 673 specimina
1498 619 1681 672 praeter
1712 631 1774 670 ea,

340 707 449 749 quae
489 692 625 735 certis
666 692 926 736 traditionis
958 693 1225 736 testimoniis
1266 693 1334 736 his
1376 694 1650 749 temporibus
1694 693 1776 736 tri-

338 770 555 822 buuntur,
599 769 695 812 dico
727 769 783 811 fr.
817 770 950 824 29130
981 776 1026 812 et
1058 769 1094 811 P
1126 770 1190 821 X,
1233 769 1350 826 quod
1393 784 1507 812 anno
1539 770 1624 812 498
1664 784 1778 812 com-

337 846 531 902 positum
564 860 660 889 esse
693 848 882 898 constat,
917 846 1001 889 duo
1034 847 1230 889 carmina
1257 846 1287 889 J
1308 846 1400 888 VH
1433 847 1549 900 (502)
1583 848 1628 889 et
1658 846 1702 888 N
1733 846 1778 889 X

340 923 456 977 (500)
490 922 726 965 secundum
758 923 1028 966 luculentam
1061 923 1474 965 commentationem
1492 922 1776 979 Gaspardi¹)‚

340 1014 452 1056 quae
474 998 580 1040 mihi
601 999 776 1055 quidem
800 1000 1046 1055 persuasit;
1088 1015 1274 1056 quorum
1303 1000 1543 1042 carminum
1566 1000 1777 1043 universa

337 1075 508 1118 indoles
544 1080 820 1132 quantopere
852 1076 994 1119 distet
1024 1078 1079 1119 ab
1113 1076 1189 1129 eis,
1232 1091 1342 1132 quae
1374 1077 1463 1119 viri
1495 1082 1611 1128 sunt,
1649 1091 1776 1119 nemo

337 1168 423 1195 non
456 1152 595 1196 sentit
639 1155 686 1194 et
725 1152 859 1195 facile
890 1152 1242 1196 Wilamowitzio
1259 1152 1291 1208 2)
1332 1153 1540 1195 concedes
1582 1153 1778 1195 carmina

338 1230 484 1273 omnia
538 1232 643 1272 ante
706 1230 867 1273 bellum
914 1230 1142 1272 Persicum
1187 1231 1432 1286 composita
1477 1256 1531 1260 —
1578 1231 1776 1287 exemplo

337 1307 484 1349 utitur
517 1307 551 1348 P
584 1307 652 1349 VI
683 1307 799 1363 (490)
843 1333 895 1336 -—
929 1308 1193 1349 immaturae
1237 1322 1333 1349 esse
1376 1307 1637 1350 iuventutis.
1700 1309 1777 1350 Se-

337 1388 534 1439 quuntur
567 1383 687 1425 vitae
715 1383 900 1425 Pindari
932 1383 1096 1439 viginti
1128 1382 1232 1426 anni
1264 1383 1419 1425 summi
1451 1383 1635 1439 vigoris,
1683 1383 1777 1440 qui-

337 1461 417 1502 bus
450 1460 751 1516 pulcherrima
778 1459 999 1502 debentur
1021 1460 1228 1512 carmina,
1263 1459 1419 1502 deinde
1450 1462 1554 1517 post
1584 1475 1777 1517 pugnam

340 1537 396 1579 ad
418 1536 689 1593 Oenophyta
721 1538 885 1579 factam
919 1539 965 1579 et
988 1537 1204 1592 Aeginam
1237 1537 1439 1590 insulam,
1474 1552 1585 1593 quae
1617 1539 1776 1590 poetae

336 1628 465 1670 quam
497 1614 684 1656 maxime
715 1614 837 1656 cordi
871 1619 989 1665 erat,
1031 1614 1163 1669 gravi
1211 1628 1316 1656 casu
1363 1613 1575 1657 afflictam
1610 1614 1776 1670 (45716)

336 1706 476 1747 usque
528 1691 582 1732 ad
633 1705 825 1746 pugnam
871 1691 926 1732 ad
974 1690 1218 1733 Coroneam
1264 1691 1431 1733 factam
1474 1691 1612 1746 (447),
1664 1705 1777 1747 quae

335 1768 568 1810 Boeotiam
599 1768 834 1819 liberavit,
883 1768 964 1810 hoc
1007 1770 1077 1810 est
1118 1783 1197 1823 per
1240 1767 1387 1810 decem
1418 1767 1515 1810 fere
1548 1782 1684 1811 annos
1719 1768 1776 1811 si-

336 1845 474 1887 luisse
521 1844 706 1886 Pindari
752 1845 947 1898 Musam,
996 1848 1209 1900 quantum
1255 1845 1380 1887 nobis
1427 1845 1581 1887 videre
1627 1845 1774 1898 liceat,

335 1923 446 1964 bene
479 1923 691 1964 observat
724 1921 984 1977 Gaspardus
1017 1921 1045 1963 1.
1078 1921 1108 1963 l.
1141 1937 1181 1978 p.
1217 1921 1320 1974 161,
1368 1922 1452 1964 nisi
1492 1921 1609 1978 quod
1640 1921 1777 1964 Psau-v

336 1998 443 2041 midi
486 1999 655 2041 veteris
688 1998 910 2040 amicitiae
948 1999 1253 2040 testimonium
1300 1998 1421 2040 misit
1454 1999 1489 2041 O
1522 1998 1610 2050 IV,
1660 1997 1777 2055 quod

337 2091 514 2118 carmen
555 2076 770 2132 prologus
813 2076 939 2132 quasi
986 2079 1056 2118 est
1100 2076 1341 2117 carminum
1389 2075 1616 2127 senilium,
1664 2089 1775 2132 quae

337 2166 495 2208 agmen
526 2153 760 2207 claudunt;
806 2153 1052 2208 exemplum
1073 2152 1470 2195 luculentissimum
1505 2155 1574 2195 est
1596 2152 1631 2194 P
1654 2152 1777 2194 VIII

337 2229 479 2284 (4461,
527 2230 596 2272 cui
643 2233 792 2272 tamen
838 2233 1024 2286 propter
1073 2230 1398 2272 sententiarum
1445 2229 1774 2282 similitudines,

339 2321 447 2362 quas
481 2307 838 2349 observaverunt
869 2304 1290 2357 Wflamowitziusss)
1334 2308 1380 2348 ct
1422 2306 1667 2348 Christium
1710 2321 1776 2349 se-

434 2440 466 2475 1)
494 2438 528 2470 C.
558 2437 734 2481 (iaspard,
763 2438 868 2472 Essai
894 2437 938 2472 de
965 2438 1195 2481 chronologie
1214 2437 1442 2481 Pindarique,
1472 2437 1659 2471 Bruxelles
1687 2439 1776 2471 1900

335 2514 367 2546 p.
397 2506 500 2545 221¹33
537 2508 694 2537 cetorum
721 2504 810 2537 illud
837 2505 854 2537 ,Ι
889 2504 952 2537 VII
979 2506 1020 2537 41
1049 2502 1179 2542 ἕκαλος
1213 2501 1333 2548 ἔπειμι
1366 2508 1480 2547 γῆρας
1514 2514 1601 2547 pace
1629 2504 1776 2538 schroe-

335 2569 412 2603 deri
439 2571 597 2613 prolcgg.
628 2581 659 2612 p.
690 2573 732 2604 73
772 2570 914 2604 facilius
950 2575 1079 2614 poetae
1117 2570 1235 2604 iuveni
1270 2570 1408 2604 tribues
1436 2570 1566 2604 collato
1595 2571 1615 2603 J
1645 2570 1694 2603 VI
1723 2573 1776 2613 15,

339 2636 433 2678 quod
461 2636 606 2671 victoris
635 2637 722 2671 satis
751 2636 993 2671 adulescentis
1020 2637 1055 2670 in
1083 2638 1253 2671 honorem
1281 2637 1516 2680 compositum
1544 2642 1607 2671 est.

429 2706 465 2746 2)
492 2703 708 2737 Aristoteles
735 2715 766 2737 u.
792 2704 910 2737 Athen
940 2704 970 2737 lI
999 2706 1076 2737 :52ss.

430 2772 466 2809 3)
496 2769 729 2813 Bacchylides
757 2772 878 2813 (1898)
906 2782 938 2814 p.
967 2773 1020 2805 20.
