2111 3303
984 218 1038 260 29

297 349 472 378 carmen
504 334 547 376 N
578 335 621 376 X
653 333 878 376 concludit
909 335 1045 389 atque
1077 332 1212 389 digna
1255 337 1345 385 est,
1388 347 1517 388 quam
1559 330 1737 374 summis

295 411 500 454 laudibus
534 413 700 467 augeat
732 410 994 467 Gaspardus
1026 410 1056 451 1.
1088 409 1116 451 l.
1151 426 1189 465 p.
1223 410 1290 451 29.

414 488 623 531 Carmina
653 487 797 543 igitur
829 487 1045 530 iuvenilia
1076 486 1244 529 habent
1274 502 1363 529 non
1394 500 1546 542 pauca,
1581 484 1738 541 quibus

297 564 610 607 discernantur
643 579 668 607 a
699 564 883 617 ceteris,
926 565 1062 620 atque
1103 563 1255 605 eodem
1285 563 1412 605 modo
1447 562 1643 604 carmina
1675 576 1739 604 se—

295 641 406 684 nilia
438 644 484 684 et
515 641 751 684 sententiis
794 644 840 683 et
883 640 1092 683 universo
1126 639 1389 682 elocutionis
1431 639 1579 682 colore
1619 639 1739 680 inter

298 733 345 761 se
385 718 549 761 similia
590 721 694 761 sunt
735 724 870 774 atque
917 732 944 759 a
988 716 1149 759 ceteris
1191 716 1416 758 recedunt.
1491 715 1738 758 Sententiis

299 794 528 848 similibus,
562 809 670 851 quas
703 796 1062 837 observaverunt
1094 793 1183 835 viri
1214 793 1347 846 docti,
1381 793 1508 846 addo,
1556 791 1674 848 quod
1704 791 1739 832 P

298 871 412 914 VIII
446 872 500 913 83
533 874 579 914 et
610 871 652 913 N
679 871 746 912 XI
770 871 824 913 26
857 870 1017 913 eximia
1048 872 1150 912 arte
1182 885 1332 912 eorum
1363 869 1562 912 meminit
1593 870 1739 924 poeta,

298 947 374 1004 qui
404 947 514 990 victi
546 963 599 990 ex
632 947 876 990 certamine
907 947 1109 999 redeunt,
1150 947 1267 1003 quod
1298 947 1409 989 alibi
1439 961 1526 988 non
1558 945 1630 998 fit3
1673 947 1742 987 at-

299 1039 383 1080 que
405 1024 698 1067 elocutionem
722 1024 895 1081 quidem
919 1024 1160 1080 simplicem
1192 1039 1289 1066 esse
1310 1038 1436 1066 nemo
1467 1037 1555 1064 non
1587 1021 1740 1073 sentit,

298 1101 356 1143 ad
387 1101 631 1158 exemplum
671 1101 839 1158 epicum
880 1102 1089 1158 proprius
1133 1116 1227 1144 eam
1269 1100 1479 1143 accedere
1518 1100 1615 1142 iure
1650 1099 1743 1141 for—

297 1180 421 1221 tasse
450 1178 668 1234 quispiam
700 1178 879 1221 dixerit.
943 1177 1030 1221 Sed
1062 1193 1112 1220 ea
1142 1192 1247 1234 pars
1281 1177 1562 1230 elocutionis,
1613 1191 1742 1233 quam

299 1270 565 1311 cognoscere
604 1255 685 1298 hoc
725 1255 821 1297 loco
866 1257 1026 1297 nostra
1071 1255 1287 1307 interest,
1335 1254 1527 1296 colorem
1573 1253 1743 1309 epicum

299 1332 407 1385 dico,
441 1333 486 1374 in
516 1338 678 1375 neutro
709 1332 950 1375 carminum
983 1347 1168 1387 genere,
1213 1346 1354 1387 neque
1397 1331 1443 1372 in
1473 1330 1741 1373 iuvenilibus

297 1424 438 1466 neque
470 1409 516 1451 in
548 1409 781 1461 senilibus,
824 1409 890 1451 ita
923 1424 948 1451 a
980 1409 1254 1465 reliquorum
1287 1409 1526 1450 carminum
1560 1423 1644 1450 usu
1675 1421 1741 1449 re-

298 1486 437 1539 cedit,
480 1489 532 1529 ut
562 1486 731 1543 aliquid
772 1486 825 1528 de
855 1488 1016 1542 poetae
1057 1488 1157 1528 arte
1199 1491 1244 1528 et
1286 1484 1470 1527 consilio
1503 1484 1604 1526 inde
1644 1499 1742 1526 con-

298 1563 416 1605 cludi
447 1563 610 1619 possit;
652 1578 753 1605 nam
774 1565 968 1619 utroque
1000 1564 1045 1604 in
1066 1578 1230 1618 genere
1255 1564 1495 1604 occurrunt
1523 1561 1744 1604 formulae

299 1642 346 1683 et
377 1655 508 1683 voces
542 1640 689 1696 epicae
722 1642 803 1682 aut
833 1655 921 1682 non
944 1642 1145 1682 mutatae
1176 1642 1256 1682 aut
1281 1639 1500 1691 variatae,
1534 1653 1663 1682 Voces
1696 1640 1743 1680 et

297 1717 558 1770 locutiones,
601 1732 713 1773 quae
745 1717 989 1773 exemplum
1024 1717 1192 1773 epicum
1224 1716 1322 1772 plus
1356 1716 1555 1758 minusve
1587 1718 1743 1772 aperte

296 1809 405 1850 prae
439 1810 483 1836 se
515 1794 689 1848 ferunt,
735 1810 863 1837 Voces
911 1794 1122 1850 denique,
1169 1809 1280 1850 quae
1324 1796 1518 1836 novatae
1550 1808 1645 1836 esse
1677 1793 1743 1836 vi-

298 1871 462 1914 dentur
503 1871 595 1914 sine
637 1872 837 1928 exemplo
883 1872 1018 1927 epico.
1094 1871 1244 1927 Igitur
1286 1886 1368 1927 per
1413 1874 1557 1913 totam
1604 1870 1743 1913 vitam

297 1947 493 1990 Pindaro
546 1949 592 1990 in
639 1948 890 1991 elocutione
942 1963 1022 1990 sua
1068 1948 1310 1990 excolenda
1360 1948 1548 1990 multum
1596 1947 1743 1989 valuit

299 2040 441 2067 sermo
476 2026 637 2082 epicus,
672 2026 789 2082 quod
819 2026 1018 2068 fortasse
1050 2026 1264 2067 miramur
1296 2025 1474 2067 collatis
1509 2025 1583 2077 eis,
1630 2039 1741 2080 quae

297 2103 456 2145 acerbe
502 2105 660 2145 contra
703 2102 942 2144 eorundem
986 2105 1221 2159 poetarum
1261 2103 1447 2145 inventa
1488 2102 1617 2155 iecit,
1665 2101 1757 2144 sed

298 2179 414 2222 sicut
447 2179 681 2222 Choerilus
716 2178 889 2222 Samius
934 2182 1070 2235 poeta
1117 2179 1264 2236 epicus
1309 2179 1544 2222 materiam
1584 2178 1742 2221 carmi-

298 2271 401 2298 num
431 2256 769 2299 Homericorum
802 2257 971 2308 reiecit,
1005 2256 1255 2298 elocutione
1287 2271 1391 2298 usus
1425 2258 1507 2309 est,
1540 2256 1607 2298 ita
1638 2255 1742 2297 Pin-

297 2333 433 2375 darus
466 2348 638 2390 quoque
670 2335 717 2375 et
747 2349 797 2376 re
830 2333 1172 2386 demonstravit,
1207 2334 1312 2390 quid
1344 2333 1535 2376 sentiret
1568 2334 1620 2375 de
1652 2332 1742 2375 elo-

298 2410 473 2453 cutione
505 2410 640 2467 epica,
676 2413 721 2453 et
753 2411 977 2467 expressis
1011 2411 1161 2453 Verbis
1194 2411 1235 2453 N
1268 2411 1362 2453 VH
1393 2411 1446 2452 21
1479 2410 1735 2462 Homerum,

297 2487 418 2530 cuius
466 2487 557 2530 arti
588 2487 741 2530 fallaci
786 2488 855 2529 illi
887 2488 1063 2544 quidem
1105 2490 1255 2530 tamen
1302 2490 1465 2542 σεμνόν
1511 2505 1551 2529 τι
1593 2487 1738 2530 inesse

298 2564 499 2607 concedit
542 2580 583 2607 v.
617 2565 692 2617 23,
739 2565 939 2621 epitheto
982 2565 1217 2607 Homerico
1262 2565 1430 2619 ἁδυεπῆ
1471 2564 1587 2607 dixit
1619 2566 1665 2607 et
1696 2564 1742 2606 in

299 2640 361 2683 eis
394 2656 564 2698 quoque
598 2656 708 2698 quae
741 2644 989 2698 sequuntur
1034 2642 1227 2684 colorem
1268 2642 1436 2698 epicum
1475 2642 1621 2684 inesse
1668 2657 1741 2684 vo-

299 2717 386 2760 luit
415 2718 600 2761 insertis
633 2718 837 2761 formulis
871 2719 1004 2774 epicis
1038 2735 1078 2762 v.
1111 2719 1167 2761 28
1199 2721 1349 2775 ξανθῷ
1382 2718 1572 2775 Μενέλᾳ,
1611 2717 1742 2760 ναυσὶ

298 2799 450 2847 θοαῖς,
501 2810 597 2837 cum
643 2812 682 2838 v.
716 2796 770 2837 ‘22
813 2797 980 2838 ποτανὰ
1019 2797 1191 2850 μαχανά
1222 2795 1620 2838 commonefaceret
1652 2795 1741 2851 epi-
