2111 3303
926 253 980 294 49

235 368 356 410 VIII
388 369 413 410 ἴ)
445 367 584 420 Musa,
636 370 693 409 fr.
741 369 795 410 90
841 367 991 423 Pytho
1040 368 1154 410 sicut
1200 368 1462 423 Bacchylidi
1513 369 1554 410 V
1588 369 1672 410 174

233 445 386 488 Venus
433 444 670 488 secundum
714 459 840 486 usum
887 444 1068 500 epicum,
1119 445 1162 486 X
1198 446 1278 486 117
1308 445 1468 498 Diana,
1507 446 1673 489 XVIII

235 522 288 563 1ss
319 522 369 563 Io
401 521 446 563 in
476 522 632 564 bovem
663 523 851 564 mutata.
915 520 1176 564 Transitum
1208 523 1262 564 ab
1284 522 1583 566 animantibus
1616 524 1674 566 ad

235 613 308 641 res
339 601 506 655 parant
535 600 720 655 praeter
753 599 1001 641 Victoriam
1035 613 1110 640 eae
1145 613 1255 654 quae
1287 599 1407 641 inter
1437 615 1674 656 personam

236 678 283 718 et
313 690 406 718 rem
438 675 622 718 variant
653 675 686 716 P
718 675 793 717 III
825 676 879 717 73
910 676 1054 728 ὑγίεια
1085 678 1133 717 et
1162 676 1320 719 Bacch.
1354 677 1423 717 IX
1451 678 1507 719 40
1539 678 1673 732 ἐλπίς,

236 767 348 809 quae
380 767 554 803 aureae,
587 752 669 795 hoc
701 754 771 794 est
802 752 898 794 fere
920 753 1147 808 pretiosae
1169 752 1392 806 dicuntur,
1426 769 1512 810 qua
1540 755 1674 810 signi-

235 829 442 872 ficatione
473 845 561 872 vox
591 829 812 871 tribuitur
844 829 880 871 O
906 829 974 871 XI
1008 829 1074 881 13,
1108 829 1150 870 N
1181 829 1204 870 I
1238 831 1289 870 17
1324 829 1480 883 olivae,
1514 833 1590 874 ubi
1621 833 1674 875 de

237 906 387 949 colore
420 906 621 962 cogitare
652 908 859 948 vetamur
882 905 954 947 vel
980 905 1145 948 collato
1170 906 1204 948 O
1227 907 1301 948 III
1327 908 1377 949 13
1401 911 1675 964 γλαυκόχροα

237 985 404 1038 κόσμον
436 983 594 1036 ἐλαίας,
627 985 673 1025 et
704 983 739 1025 P
770 983 814 1024 X
844 983 901 1025 40
935 983 1123 1025 lauroll.

354 1060 450 1112 Quo
483 1061 536 1102 ab
569 1076 651 1101 usu
682 1060 801 1103 vocis
834 1075 944 1116 quae
978 1063 1048 1103 est
1079 1062 1264 1114 χρύσεος
1299 1062 1495 1118 profecti
1517 1065 1677 1119 poetae

239 1137 512 1180 recentiores
544 1152 673 1180 voces
707 1153 801 1179 cum
833 1137 914 1179 hac
947 1152 1051 1179 voce
1085 1139 1353 1194 compositas
1380 1144 1675 1195 novaverant,

240 1231 351 1273 quae
383 1216 438 1258 ad
470 1215 857 1272 pulchritudinem,
904 1231 990 1257 non
1032 1216 1149 1259 sicut
1192 1217 1423 1259 innumera
1453 1218 1534 1261 illa
1565 1233 1678 1275 quae

240 1293 464 1349 epicorum
508 1297 611 1335 sunt
653 1296 887 1350 poctarum
935 1293 991 1335 ad
1021 1294 1255 1336 materiam
1287 1300 1365 1336 aut
1397 1295 1453 1337 ad
1485 1296 1679 1338 colorem

239 1370 484 1427 pertinent.
560 1370 870 1412 Removendae
903 1373 1007 1412 sunt
1039 1385 1168 1413 voces
1217 1371 1369 1427 quales
1408 1372 1557 1429 Eurip.
1590 1373 1678 1416 He-

241 1447 374 1490 raclis
409 1448 491 1489 375
537 1448 879 1502 χρυσοκάρανος,
928 1462 1038 1503 quae
1084 1448 1141 1490 ad
1186 1462 1323 1490 aurea
1361 1464 1525 1492 cornua
1556 1451 1678 1494 redit

242 1539 400 1567 cervae
432 1524 568 1573 illius,
603 1538 712 1580 quae
744 1524 939 1566 Pindaro
974 1524 1008 1566 O
1044 1524 1191 1566 11129
1222 1526 1502 1579 χρυσοκέρως
1534 1529 1603 1570 est
1634 1530 1681 1571 et

243 1601 374 1658 piscis
399 1601 623 1643 cuiusdam
645 1601 823 1643 nomina
844 1601 1187 1656 χρυσοκέφαλος,
1211 1604 1481 1657 χρύσοφρυς,
1512 1617 1680 1660 χρυσω-

244 1682 329 1730 πίς,
362 1681 606 1734 χρυσωπός,
653 1678 727 1735 qui
773 1678 906 1734 piscis
946 1693 996 1721 re
1036 1692 1145 1722 vera
1175 1680 1391 1722 maculam
1424 1695 1602 1724 auream
1634 1683 1681 1725 in

243 1756 389 1812 capite
410 1755 558 1798 habet.
623 1756 745 1808 Quae
767 1755 887 1798 ratio
908 1770 1047 1812 neque
1079 1756 1125 1798 in
1146 1756 1365 1799 Latonam
1380 1758 1516 1811 valet,
1550 1773 1680 1815 quam

243 1833 573 1889 Aristophanes
597 1833 1080 1889 Thesmophoria2.32l
1106 1835 1365 1889 χρυσώπιδα
1386 1834 1507 1887 dicit,
1540 1851 1681 1892 neque

243 1911 289 1952 in
322 1910 552 1963 Bacchum,
603 1911 678 1966 qui
709 1910 916 1966 Euripidi
947 1910 1105 1952 Bacch.
1140 1912 1224 1953 553
1263 1914 1540 1968 xovoomoff)
1589 1916 1679 1969 est3

244 1990 438 2043 utraque
468 2003 556 2029 vox
587 1987 730 2042 igitur
762 1987 815 2028 ad
848 1987 1007 2030 faciem
1037 1987 1265 2044 pulchram
1308 1988 1520 2044 pertinet,
1566 1990 1683 2033 sicut

245 2080 332 2107 Vox
363 2064 699 2120 Aristophanea
735 2079 847 2120 quae
879 2064 1034 2107 amasii
1065 2064 1338 2107 blandientis
1384 2068 1455 2108 est
1484 2070 1682 2120 χρυσίον.

244 2140 414 2193 Quibus
475 2142 655 2184 vocibus
707 2141 885 2184 collatis
939 2141 1190 2198 explicatur
1246 2158 1334 2184 vox
1395 2143 1506 2185 satis
1567 2144 1682 2187 mira

344 2308 377 2344 1)
404 2305 545 2338 Monuit
573 2305 774 2339 Boeckhius
806 2305 934 2348 explic.
963 2317 994 2348 p.
1027 2307 1102 2339 197.

341 2373 377 2414 2)
405 2370 587 2414 Siquidem
626 2376 723 2405 rec-te
748 2370 916 2416 χρυσωπὲ
942 2371 1016 2406 ἄνα
1053 2371 1255 2406 emendavit
1280 2372 1473 2415 Usenerus,
1508 2379 1683 2417 χρυσῶπα

246 2437 359 2480 codd,
395 2437 490 2481 quod
525 2437 619 2473 falso
648 2438 694 2472 ad
711 2437 899 2483 Ὄλυμπον
925 2438 1064 2473 referre
1091 2439 1300 2473 Elmsleium
1337 2439 1526 2474 collocatio
1559 2440 1684 2474 verbo-

246 2515 334 2547 rum,
362 2515 433 2538 non
459 2505 593 2539 rectius
619 2506 863 2540 Hermannum
891 2517 968 2539 cum
995 2516 1081 2540 voce
1109 2516 1200 2549 quae
1226 2509 1281 2540 cst
1306 2503 1446 2549 θυρσός
1467 2506 1685 2550 coniungere

246 2581 366 2605 rerum
391 2576 524 2605 natura
550 2571 690 2615 docent,
730 2583 809 2606 cum
835 2573 980 2617 thyrsus
1008 2572 1197 2607 frondibus
1236 2577 1385 2607 ornatus
1412 2573 1459 2607 sit
1485 2572 1546 2617 (cf.
1575 2573 1684 2607 Anth.

246 2637 322 2672 Pal.
335 2638 385 2671 VI
402 2639 467 2672 169
494 2638 637 2681 θύρσου
663 2639 814 2684 χλοερὸν
840 2638 1008 2684 κάμακα)
1034 2650 1150 2683 neque
1168 2650 1247 2673 cum
1272 2640 1478 2674 Hermanno
1504 2639 1548 2673 de
1574 2649 1684 2673 aureo

248 2703 430 2737 fructuum
456 2703 736 2739 hederaceorum
774 2706 894 2739 colore
920 2706 1080 2749 cogitare
1118 2705 1244 2748 liceat3
1285 2705 1348 2739 sed
1373 2705 1415 2739 E.
1444 2705 1684 2739 schwartzius

248 2769 410 2804 codicum
438 2771 655 2815 scripturam
682 2776 804 2806 tuetur
831 2776 939 2815 atque
967 2772 1010 2806 de
1037 2782 1147 2806 aureo
1174 2772 1309 2816 thyrso,
1349 2772 1482 2816 quippe
1524 2771 1585 2815 qui
1627 2770 1687 2805 dei

248 2840 313 2879 est,
340 2837 485 2880 cogitat.

1381 2906 1409 2947 4
