2111 3303
1026 210 1081 252 59

334 321 502 364 crimen
532 335 558 364 a
598 320 746 378 lapide
778 324 901 364 muto
948 322 1242 380 exprimeret,
1293 339 1403 381 quae
1436 341 1510 369 res
1550 326 1780 369 invenitur

334 397 472 440 etiam
514 397 556 439 N
589 397 629 438 V
662 399 682 440 1
732 401 779 441 et
808 399 839 441 J
872 399 920 441 II
951 400 1020 451 46,
1063 400 1255 456 imagine
1286 401 1435 444 deleta
1468 406 1602 458 poeta
1633 402 1778 446 dicere

335 488 468 517 ausus
492 477 562 518 est
583 477 749 529 λαβρὸν
772 479 918 527 λίθον,
943 476 1140 533 lapidem
1162 478 1409 532 verbosum,
1435 481 1571 535 atque
1593 495 1776 535 prorsus

334 551 486 594 eadem
532 551 708 595 ratione
749 552 781 595 J
822 552 943 595 VIII
974 553 1028 596 63
1073 554 1302 597 invenitur
1343 562 1489 610 μνᾶμα
1529 558 1778 611 κελαδῆσαι,

335 629 453 686 quod
495 632 644 672 tamen
685 629 840 672 durius
886 630 938 673 fit
978 631 1277 687 praecedente
1319 631 1511 688 imagine
1554 636 1779 676 Μοισαῖον

334 706 450 760 ἅρμα
491 706 680 748 ἔσσυται.
743 706 946 763 Denique
987 707 1051 749 sic
1096 707 1348 764 explicatur
1380 708 1422 750 N
1456 709 1547 751 VII
1582 710 1657 752 11.
1703 710 1778 753 ubi

334 782 481 825 victor
525 783 690 825 dicitur
736 784 961 839 μελίφρον’
1008 786 1153 826 αἰτίαν
1197 785 1342 839 ῥοαῖσι
1379 788 1555 828 Μοισᾶν
1598 787 1775 840 inicere,

335 859 408 901 ubi
440 860 587 915 imago
619 859 783 917 lapidis
813 861 860 902 in
892 875 1051 917 aquam
1083 860 1267 914 deiecti,
1315 862 1390 918 qui
1422 876 1580 919 aquam
1614 866 1775 915 movet,

336 937 502 991 subest,
538 951 667 993 quam
688 936 850 980 misere
873 937 1132 994 pessumdat
1164 938 1330 981 locutio
1353 939 1528 982 inserta
1551 944 1780 996 μελίφρων

334 1016 464 1056 αἰτία.
534 1014 750 1057 Extremo
802 1014 898 1057 loco
951 1017 1101 1057 autem
1152 1018 1203 1058 ut
1254 1017 1498 1073 exemplum
1551 1018 1779 1074 proferam

336 1090 453 1147 quod
486 1090 619 1133 facile
651 1091 772 1134 inter
805 1091 951 1134 omnia
983 1092 1324 1136 audacissimum
1355 1097 1452 1147 est,
1499 1095 1542 1137 N
1578 1094 1694 1137 VIII
1726 1095 1780 1137 15

334 1182 514 1211 carmen
545 1168 711 1211 dicitur
743 1170 887 1211 Λυδία
916 1172 1046 1224 μίτρα
1079 1171 1302 1225 καναχαδὰ
1334 1173 1661 1225 πεποικιλμένα.

450 1244 659 1288 Alterius
682 1245 760 1299 rei,
796 1245 893 1289 dico
916 1246 1122 1302 imaginis
1145 1250 1334 1303 partem,
1369 1249 1627 1304 saepissime
1648 1263 1778 1292 unam

333 1336 486 1366 vocem
528 1323 650 1365 inter
694 1337 823 1366 voces
867 1323 924 1366 ad
966 1323 1108 1380 ipsam
1152 1339 1246 1367 rem
1276 1325 1557 1381 pertinentes
1590 1325 1778 1377 illatam,

332 1401 407 1443 tot
439 1400 640 1456 exempla
671 1400 855 1456 collegit
887 1400 1288 1455 Wilamowitzius‚
1336 1405 1389 1444 ut
1430 1418 1514 1445 uno
1547 1403 1643 1445 loco
1676 1403 1779 1445 Pin-

333 1476 484 1520 darico
532 1477 687 1520 addito
731 1479 970 1520 contentus
1017 1478 1119 1520 sim:
1163 1478 1194 1521 J
1226 1479 1344 1521 VIII
1388 1479 1442 1521 53
1490 1480 1578 1521 viri
1618 1481 1776 1533 fortes,

333 1554 492 1611 quibus
526 1554 665 1597 Troia
695 1554 976 1605 defenditur,
1025 1555 1220 1612 poplites
1251 1557 1398 1610 urbis,
1445 1557 1602 1613 quibus
1636 1557 1775 1600 caesis

332 1633 518 1674 corruat
550 1631 710 1674 civitas
729 1631 772 1687 ¹),
807 1632 971 1689 optime
1004 1632 1227 1685 dicuntur,
1263 1633 1340 1676 sed
1370 1636 1555 1689 praeter
1581 1634 1775 1691 poplites

331 1708 555 1751 incidendi
584 1708 853 1751 locutionem
885 1709 1030 1765 imago
1071 1725 1159 1752 non
1190 1710 1246 1753 ad
1278 1710 1408 1752 finem
1439 1711 1703 1767 perducitur
1721 1711 1775 1767 2);

334 1785 542 1828 sacrificii
583 1786 821 1842 imaginem
868 1787 1049 1830 subesse
1091 1787 1127 1830 O
1170 1788 1213 1829 Χ
1246 1788 1348 1842 94s9
1395 1803 1533 1844 supra
1572 1788 1776 1841 vidimus,

333 1862 470 1905 etiam
489 1863 525 1904 P
547 1863 615 1904 IX
630 1864 686 1905 87
718 1865 855 1917 στόμα
887 1864 1171 1919 περιβάλλειν
1202 1864 1273 1915 (z
1307 1864 1591 1919 ἐγκωμιάζειν
1624 1865 1777 1917 schol.)

332 1941 546 1984 infectam
579 1941 707 1997 quasi
737 1941 875 1984 habet
906 1942 1164 1997 imaginem,
1210 1956 1340 1998 quam
1382 1945 1527 1985 totam
1558 1945 1778 1999 praebent

333 2018 581 2061 locutiones
614 2018 766 2074 quales
800 2022 906 2062 sunt
937 2022 1106 2069 ταινίας
1138 2020 1420 2074 περιβάλλειν
1435 2019 1479 2073 3).

451 2095 540 2138 Sed
570 2095 712 2138 multo
755 2096 896 2151 magis
943 2111 1119 2139 sensum
1150 2100 1356 2139 nostrum
1388 2097 1621 2139 offendunt
1664 2097 1777 2140 duae

333 2173 548 2228 imagines
580 2172 853 2225 coniunctae,
890 2173 1007 2216 sicut
1036 2174 1071 2216 O
1107 2173 1197 2216 VII
1228 2174 1284 2214 45
1315 2175 1452 2216 nubes
1486 2174 1778 2217 obliviscendi

332 2251 443 2292 bene
490 2249 654 2292 dicitur
698 2249 893 2306 aliquam
936 2265 1030 2292 rem
1071 2254 1251 2306 tegere,
1296 2251 1485 2308 pessime
1517 2251 1708 2293 animum
1749 2266 1775 2294 a

333 2330 457 2370 recte
505 2326 579 2369 via
624 2326 874 2370 deflectere.
936 2327 1251 2370 Dubitaverim
1296 2327 1350 2370 de
1381 2328 1416 2369 P
1448 2328 1516 2369 IV
1552 2329 1652 2381 158,
1700 2329 1775 2371 ubi

432 2459 466 2501 1)
491 2459 625 2494 Urbem
650 2470 729 2493 cum
755 2460 906 2494 heroina
934 2470 1026 2503 quae
1045 2459 1203 2494 eiusdem
1229 2460 1382 2494 nominis
1409 2464 1465 2494 est
1483 2460 1651 2503 coniungi
1677 2459 1774 2504 apud

333 2523 530 2559 Pindarum
555 2526 759 2561 observavit
784 2527 987 2561 Boeckhius
1014 2526 1061 2560 ad
1086 2526 1112 2559 P
1130 2526 1199 2560 XII
1221 2529 1259 2569 l,
1293 2526 1476 2561 luculenta
1502 2527 1666 2570 exempla
1692 2531 1777 2561 sunt

334 2591 361 2625 P
389 2591 440 2625 IX
466 2594 510 2626 55
537 2597 573 2627 et
599 2594 654 2627 68.

431 2658 467 2702 2)
494 2658 652 2692 Similem
677 2659 895 2694 locutionem
921 2671 964 2694 ex
991 2659 1176 2694 Herodoto
1204 2660 1252 2693 VI
1280 2662 1322 2694 27
1351 2657 1402 2703 (ἐς
1435 2658 1526 2703 γόνυ
1564 2658 1632 2702 τὴν
1664 2657 1775 2693 πόλιν

335 2722 458 2769 ἔβαλε)
485 2724 638 2760 adnotat
663 2725 915 2761 Schwartzius.

430 2792 467 2837 3)
492 2791 634 2827 Monuit
660 2792 900 2827 schwartzius
926 2793 963 2827 in
989 2793 1132 2828 scholis.
