2111 3303
1030 198 1082 241 19

340 311 532 369 aliquem
578 311 770 354 colorem
822 313 971 355 redire
1016 316 1140 356 recte
1187 314 1302 357 dixit
1350 315 1784 370 Bodenheimerus1)‚

340 404 468 431 voces
502 403 614 445 quae
647 384 915 445 sequuntur:
960 390 1229 446 ξανθόθριξ,
1269 393 1589 447 ξανθοδερκής,
1621 405 1785 446 πυρσο-

339 469 499 521 χαίτης,
533 469 793 521 χλωραυχήν
809 466 852 521 2).
915 466 1136 509 Pindarus
1169 483 1262 510 cum
1295 484 1383 510 non
1414 474 1572 512 utatur
1603 470 1784 513 Vocibus

339 557 435 584 cum
465 543 625 585 florum
656 543 904 586 nominibus
938 544 1207 600 compositis,
1240 545 1326 587 nisi
1350 547 1464 602 quod
1486 547 1622 589 habet
1653 546 1710 588 fr.
1731 547 1784 588 76

339 634 490 662 vocem
539 619 706 674 epicam
724 620 756 675 3)
800 619 1062 675 ἰοστέφανος
1105 624 1151 663 et
1203 621 1337 663 simili
1382 623 1558 666 ratione
1603 623 1786 666 ἰοδέτων

339 684 571 751 στεφάνων
602 696 658 738 fr.
689 698 756 749 75,
780 697 806 739 6
839 700 884 739 et
915 699 1154 754 praeterea
1184 698 1293 740 duas
1326 714 1468 750 voces,
1501 700 1659 756 quibus
1691 701 1784 742 vio-

338 773 483 815 larum
514 772 591 815 ille
624 773 746 816 color
775 773 999 829 nigricans
1033 774 1270 817 accedente
1311 775 1548 831 splendore
1580 777 1783 820 caeruleo

341 850 620 906 significatur
638 852 924 905 ιὀβόστρυχος
941 852 988 893 et
1005 853 1323 907 ιὀπλόκαμοςῆ,
1346 852 1639 908 Bacchylides
1660 854 1785 910 quasi

337 928 573 970 illustrare
605 927 736 980 velit,
783 928 998 984 quomodo
1031 928 1056 982 ἡ
1088 928 1263 982 ἀνθηρὰ
1295 929 1484 983 ἁρμονία
1514 931 1568 972 ab
1601 933 1784 974 austera

337 1005 524 1047 Pindari
556 1004 720 1058 distet,
768 1004 837 1047 hjs
869 1005 1050 1048 Vocibus
1082 1005 1276 1048 libenter
1309 1006 1477 1059 utitur,
1521 1023 1608 1049 non
1642 1008 1782 1050 solum

338 1096 466 1124 voces
500 1097 595 1123 cum
627 1082 774 1125 violae
805 1097 912 1125 voce
943 1083 1231 1139 compositas,
1266 1098 1350 1139 quo
1384 1099 1406 1126 e
1435 1099 1617 1127 numero
1650 1084 1784 1128 habet

337 1161 412 1202 ter
443 1173 594 1201 vocem
626 1159 793 1215 epicam
834 1158 1119 1213 ἰοστέφανος,
1161 1161 1400 1215 praeterea
1441 1161 1707 1216 ἰοβλέφαρος
1737 1164 1785 1204 et

338 1238 570 1290 ι’όπλοκος,
603 1235 681 1278 sed
713 1235 847 1278 etiam
879 1235 1004 1288 alias,
1039 1250 1065 1279 a
1097 1236 1253 1292 quibus
1276 1236 1498 1279 Pindarus
1529 1253 1715 1294 prorsus
1737 1253 1782 1281 se

336 1313 608 1356 abstinuisse
636 1313 828 1364 Videtur,
863 1313 1200 1367 ῥοδοδάκτυλος,
1233 1315 1619 1368 καλυκοστέφανος
1633 1315 1675 1370 5),
1709 1316 1781 1370 ῥο-

337 1391 548 1446 δό[παχυς
562 1390 608 1443 6),
632 1389 820 1446 denique
842 1389 1047 1443 λείριος7)
1061 1406 1069 1444 3
1104 1393 1300 1432 ceterum
1332 1390 1445 1433 addo
1464 1391 1780 1448 Bacchylidem

433 1512 466 1554 1)
494 1511 546 1544 De
582 1510 795 1545 Homericae
831 1510 1145 1553 interpretationis
1184 1510 1457 1554 antiquissimae
1497 1512 1657 1555 vestigiis
1696 1523 1781 1546 non-

335 1577 467 1620 nullis,
507 1577 602 1611 Diss.
631 1579 863 1620 Argentorat.
895 1578 984 1611 1890
1008 1588 1040 1620 p.
1069 1578 1113 1611 38
1129 1588 1227 1620 sqq.;
1265 1582 1423 1611 ceterum
1449 1577 1545 1612 vocis
1573 1580 1783 1621 γλαυκῶπις

336 1644 625 1688 explicationem,
653 1644 815 1687 quamvis
843 1642 1053 1677 dissuadere
1080 1644 1194 1687 possit
1221 1643 1391 1688 Aeschyli
1417 1644 1515 1678 Pers.
1539 1646 1581 1678 81
1621 1643 1781 1679 κυάνεον

337 1710 370 1745 δ’
387 1710 522 1755 ὄμμασι
537 1709 696 1745 λεύσσων
715 1711 850 1753 φονίου
870 1707 1008 1754 δέργμα
1033 1709 1247 1753 δράκοντος,
1267 1710 1410 1753 egregie
1428 1709 1583 1745 firmavit
1601 1712 1779 1755 serpentis

335 1778 522 1822 epitheton
547 1777 826 1821 Bacchylideum
853 1777 998 1810 V11112
1025 1775 1284 1819 ξανθοδερκής
1315 1777 1456 1811 collatis
1484 1781 1520 1811 et
1546 1777 1591 1812 fr.
1611 1780 1642 1819 4,
1659 1781 1691 1822 4,
1718 1779 1780 1812 11111

334 1843 426 1888 ignis
454 1842 581 1886 ξανθὰ
610 1841 701 1886 φλόξ
729 1842 878 1884 dicitur,
905 1847 941 1877 et
966 1843 1136 1886 epithetis
1164 1843 1386 1886 serpentium
1414 1854 1505 1886 quae
1531 1843 1656 1878 laudat
1683 1848 1779 1889 1139

336 1909 537 1944 Pindaricis
564 1911 722 1954 γλαυκοί
745 1913 780 1943 et
806 1911 1030 1953 γλαυκῶπες.

432 1978 467 2021 2)
497 1975 551 2011 Cf.
578 1976 772 2018 Marindin,
810 1976 984 2010 Classical
1010 1976 1153 2011 Review
1185 1979 1273 2011 1898
1300 1988 1332 2020 p.
1362 1978 1405 2010 37
1433 1982 1469 2011 et
1495 1988 1562 2011 van
1590 1977 1778 2020 Leeuwen,

335 2043 593 2087 Mnemosynae
619 2043 705 2076 XXI
731 2055 764 2086 p.
795 2045 860 2077 114
875 2053 951 2085 sqq.

431 2113 468 2154 3)
496 2109 692 2144 Gemollius
720 2108 862 2152 quidem
888 2120 1003 2152 neque
1038 2110 1157 2154 hymni
1183 2110 1365 2144 Homerici
1393 2110 1441 2144 lV
1470 2113 1554 2153 175,
1596 2110 1658 2145 ubi
1683 2111 1778 2145 Mos-

337 2177 492 2220 quensis,
519 2187 635 2220 neque
665 2177 709 2210 Vl
740 2179 792 2219 18,
820 2176 881 2210 ubi
908 2176 1124 2221 optimorum
1151 2176 1312 2211 codicum
1338 2177 1509 2211 memoria
1534 2177 1673 2221 nititur,
1701 2189 1778 2212 eam

334 2244 473 2287 recepit
497 2254 586 2288 prae
607 2244 696 2277 trita
722 2244 785 2277 illa
813 2241 1058 2287 εὐστέφανος;
1086 2243 1129 2278 cf.
1158 2243 1203 2278 de
1229 2244 1387 2288 vocibus,
1417 2254 1509 2287 quae
1536 2244 1580 2279 ab
1608 2245 1666 2279 εὐ·
1691 2245 1778 2279 inci-

334 2310 449 2354 piunt,
477 2311 567 2345 alias
593 2310 672 2344 loco
699 2311 923 2345 moventibus
949 2310 1152 2344 Nauckium
1178 2311 1261 2344 Me'l.
1290 2310 1410 2345 Gr.-R.
1440 2311 1470 2344 V
1496 2322 1530 2355 p.
1561 2313 1637 2345 115.

430 2379 466 2421 4)
494 2377 616 2412 Etiam
643 2377 834 2412 Simonidis
859 2377 904 2412 fr.
935 2380 987 2420 18,
1015 2376 1060 2411 fr.
1088 2377 1210 2422 adesp.
1238 2380 1292 2412 53.

431 2444 467 2489 5)
496 2443 598 2486 Quod
633 2444 679 2478 ad
710 2455 813 2479 rosas
849 2445 1031 2488 pertinere
1067 2444 1172 2478 docet
1208 2444 1299 2489 hym.
1337 2444 1438 2478 Hom.
1476 2445 1507 2478 V
1534 2447 1602 2479 427
1630 2442 1779 2490 (ῥοδέας

335 2509 514 2556 κάλυκας)
550 2516 586 2545 et
622 2511 786 2555 sequitur
823 2522 944 2546 vocem
971 2512 1109 2555 epicam
1135 2514 1347 2551 καλυκῶπις
1373 2511 1466 2546 sicut
1489 2512 1588 2546 illam
1614 2512 1779 2555 sequitur

335 2588 404 2611 vox
429 2578 610 2612 recentior
636 2575 808 2622 ῥὀδῶπις.

432 2647 468 2689 ὅ)
495 2644 597 2687 Quod
623 2645 810 2679 verisimili
835 2645 978 2679 ratione
993 2646 1059 2679 XII
1079 2647 1123 2680 96
1149 2646 1357 2680 restituitur
1384 2646 1517 2680 collata
1543 2656 1629 2680 voce
1649 2644 1777 2690 χρυσό-

333 2722 455 2756 παχυς
481 2711 512 2745 V
537 2713 593 2746 40.

430 2784 466 2826 7)
494 2782 572 2825 Qua
598 2780 641 2816 de
668 2791 753 2816 voce
781 2782 823 2815 cf.
851 2791 919 2816 van
945 2782 1121 2816 Leeuwen
1148 2782 1169 2816 l.
1182 2782 1204 2816 1.
1233 2786 1268 2816 et
1296 2782 1555 2816 Schwartzium
1580 2782 1701 2817 Herm.
1720 2784 1776 2826 39,

1438 2850 1497 2889 2*
