2111 3303
1069 226 1096 266 8

367 336 443 392 qui
494 337 546 379 de
593 337 659 379 his
707 338 970 381 elocutionis
1018 339 1166 395 opicae
1214 341 1419 396 vestigiis
1470 341 1581 383 nihil
1626 341 1801 385 adiecit.

367 412 588 456 Nimirum
638 429 718 469 per
769 414 1088 470 explicationes
1142 416 1233 459 eius
1287 417 1404 459 sic-ut
1454 433 1532 473 per
1583 418 1801 461 editiones

367 503 518 532 eorum
561 490 636 546 qui
678 494 782 546 post
813 506 910 533 eum
943 492 1136 535 Pindaro
1179 493 1345 535 edendo
1393 508 1572 549 operam
1612 509 1801 537 navave-

366 568 495 618 runt,
540 566 768 623 dispersae
800 568 1089 611 inveniuntur
1122 569 1457 612 observationes
1489 570 1707 626 plurimae
1749 571 1802 614 de

365 641 602 686 locutionis
647 647 726 686 aut
767 645 887 688 vocis
919 645 1106 687 alicuius
1139 645 1402 688 Pindaricae
1435 647 1633 702 exemplo
1666 647 1800 703 epico,

367 719 444 761 sed
490 718 543 761 de
583 720 796 763 universa
840 736 889 763 re
936 724 1119 778 praeter
1167 737 1218 765 ea
1264 737 1375 779 quae
1417 723 1677 766 brevissime
1725 723 1803 766 sed

366 795 547 851 egregie
578 796 760 853 scripsit
792 797 1092 841 Schroederus
1111 798 1141 853 1)
1182 798 1293 840 nihil
1336 799 1443 840 mihi
1474 799 1648 856 quidem
1679 799 1802 842 inno-

366 871 471 925 tuit,
503 873 620 929 quod
649 874 731 916 hoc
763 874 858 916 loco
890 874 1209 930 proferendum
1240 891 1477 918 censerem.
1528 875 1802 933 Quamquam

366 951 524 992 extant
571 951 964 993 commentationes
1011 951 1065 994 de
1111 951 1358 994 elocutione
1407 952 1644 995 Pindarica
1690 968 1801 996 com-

363 1026 529 1082 plures,
563 1041 750 1083 quarum
782 1042 940 1083 agmen
969 1028 1092 1071 ducit
1124 1029 1361 1071 Eduardus
1396 1029 1608 1078 Liibbert,
1642 1030 1716 1086 qui
1755 1030 1802 1072 in

365 1117 417 1146 ea
452 1118 582 1160 quam
618 1104 671 1146 de
694 1103 942 1146 elocutione
973 1104 1161 1147 Pindari
1184 1106 1365 1162 scripsit
1389 1107 1758 1150 commentatione
1771 1107 1800 1157 2)

364 1180 669 1237 quaestionem
712 1181 764 1223 de
798 1181 1059 1224 elocutionis
1092 1182 1354 1225 Pindaricae
1387 1183 1535 1226 colore
1579 1183 1700 1239 epico
1746 1199 1801 1227 ne

367 1259 503 1300 verbo
536 1258 711 1314 quidem
743 1259 900 1314 tetigit
912 1275 920 1313 ;
964 1275 1076 1316 quae
1107 1260 1159 1303 de
1193 1260 1380 1316 singulis
1421 1260 1529 1303 locis
1572 1263 1800 1317 praetere-

361 1335 478 1377 undo
521 1335 661 1391 magis
705 1351 836 1392 quam
882 1337 1066 1379 consilio
1113 1337 1272 1380 ductus
1315 1337 1532 1394 protulit,
1582 1352 1659 1380 suo
1704 1337 1800 1380 loco

363 1411 566 1455 laudabo.
639 1413 761 1455 Idem
808 1413 932 1456 valet
975 1414 1028 1456 de
1072 1414 1135 1456 eis
1167 1429 1278 1471 quae
1311 1415 1359 1458 O.
1394 1414 1561 1457 Gor-am
1604 1415 1657 1457 de
1698 1414 1800 1457 Pin-

362 1488 462 1532 dari
508 1489 881 1533 translationibus
934 1494 980 1533 et
1026 1491 1291 1547 imaginibus
1306 1491 1336 1546 ³)
1384 1491 1671 1547 conscripsit,
1731 1491 1800 1534 cui

363 1566 561 1609 ordinem
583 1567 833 1623 neglectum
856 1567 953 1610 iure
976 1568 1148 1610 crimini
1171 1568 1250 1611 dat
1266 1568 1322 1610 M.
1343 1568 1626 1611 Godofredus
1642 1568 1688 1624 4),
1722 1568 1800 1612 sed

362 1658 417 1686 ne
447 1643 526 1686 ille
557 1643 733 1700 quidem
764 1644 1069 1700 quaestionem
1100 1660 1229 1701 quam
1261 1661 1339 1688 nos
1372 1645 1619 1688 tractaturi
1652 1660 1798 1688 sumus

363 1719 543 1776 dignam
567 1722 759 1777 putavit,
792 1720 845 1763 de
868 1736 953 1778 qua
975 1722 1225 1765 accuratius
1249 1726 1499 1778 quaereret,
1529 1737 1629 1764 nam
1651 1737 1800 1778 quam-

363 1797 431 1841 vis
464 1798 675 1841 concedat
706 1814 747 1855 p.
771 1799 825 1841 43
858 1813 1061 1854 magnam
1092 1798 1230 1842 fuisse
1253 1798 1448 1841 Pindaro
1480 1799 1798 1841 auctoritatem

362 1874 624 1918 elocutionis
669 1874 817 1931 epicae
860 1875 905 1916 in
937 1875 1127 1918 dialecto
1174 1877 1220 1917 et
1262 1875 1308 1916 in
1338 1874 1514 1918 delectu
1545 1876 1797 1926 verborum,

362 1953 513 1994 tamen
559 1951 670 1993 nihil
722 1966 769 1995 se
801 1951 948 1994 dicere
979 1953 1221 2007 profitetur
1278 1951 1355 2006 „de
1403 1951 1797 1995 innumerabilibus

360 2028 659 2070 locutionibus
711 2043 765 2070 ex
816 2028 940 2085 epica
992 2028 1183 2070 dialecto
1228 2028 1497 2084 desumptis,
1552 2028 1677 2071 velut
1728 2027 1798 2070 ἐπὶ

361 2106 540 2160 ῥηγμῖνι
572 2107 790 2160 πόντου“;
840 2108 1037 2148 ceterum
1079 2105 1296 2148 materiae
1338 2105 1694 2161 diligentissime.
1711 2105 1798 2147 col-

359 2182 502 2225 lectae
535 2184 581 2224 et
613 2182 855 2225 artificiose
886 2182 1089 2238 digestae
1130 2182 1262 2224 laude
1309 2197 1398 2224 non
1427 2182 1671 2238 privandus
1715 2184 1795 2224 est.

357 2259 428 2301 Ex
460 2274 511 2301 ea
532 2273 662 2315 quam
683 2259 736 2302 de
759 2259 950 2302 dialecto
970 2259 1155 2302 Pindari
1182 2259 1363 2315 scripsit
1385 2259 1798 2302 commentationem

361 2335 479 2378 Guil.
502 2336 620 2391 Aug.
644 2335 781 2379 Peter
794 2336 825 2390 5)
859 2336 939 2378 hoc
969 2336 1064 2379 loco
1098 2335 1208 2377 nihil
1237 2338 1394 2378 nostra
1423 2336 1617 2378 interest
1639 2350 1796 2391 cogno-

456 2535 490 2576 1)
517 2532 697 2567 Editionis
725 2543 811 2568 suae
838 2544 909 2577 qua
935 2538 1017 2567 utor
1044 2533 1204 2577 prolegg.
1233 2534 1265 2567 11
1295 2536 1368 2568 100.

453 2601 489 2641 2)
517 2599 610 2633 Diss.
638 2599 718 2633 Ilal.
751 2602 848 2634 1853.

453 2667 489 2709 3)
516 2665 696 2709 Philologi
723 2666 805 2699 XIV
834 2668 912 2708 241,
939 2668 1007 2700 478
1026 2676 1102 2709 sqq.

452 2732 488 2775 4)
515 2731 568 2766 De
595 2732 797 2766 elocutione
824 2731 970 2766 Pindari
999 2732 1119 2767 Susati
1149 2735 1246 2767 1865.

452 2800 486 2840 5)
514 2797 606 2832 Diss.
636 2798 715 2832 Hal.
747 2800 844 2833 1866.
