2111 3303
670 847 871 891 CAPUT
903 847 938 889 I.
1000 846 1477 890 PROLEGOMENA.

466 963 611 1008 Grato
655 963 799 1006 animo
845 962 1090 1019 scriptores
1133 962 1381 1005 Christiani
1422 988 1478 992 —
1518 961 1790 1006 Clementem

348 1040 703 1084 Alexandrinum
718 1040 749 1096 1)
790 1039 887 1083 dico
928 1042 975 1083 et
1005 1040 1248 1083 Eusebium
1262 1039 1292 1097 2)
1333 1066 1388 1070 —
1421 1055 1546 1082 suum
1586 1040 1632 1082 in
1663 1054 1791 1083 usum

349 1120 588 1161 verterunt
617 1116 758 1159 libros
791 1115 890 1171 περὶ
917 1120 1095 1158 κλοπῶν
1112 1115 1144 1171 3)
1178 1118 1258 1158 aut
1280 1117 1453 1159 cautius
1477 1116 1575 1171 περὶ
1599 1129 1790 1171 συνεμπ-

347 1196 564 1250 means-4)
595 1196 856 1252 inscriptos,
893 1195 1050 1252 quibus
1082 1195 1201 1238 varii
1230 1198 1390 1252 poetae
1433 1195 1574 1237 eidem
1606 1193 1792 1237 carmini

348 1272 470 1329 epico
515 1272 724 1329 inscripti
765 1274 811 1314 et
856 1287 1014 1314 versus
1069 1273 1150 1314 aut
1195 1286 1326 1328 pares
1370 1273 1450 1313 aut
1491 1271 1656 1313 similes
1703 1285 1792 1313 ma-

346 1350 470 1406 ligne
501 1366 555 1393 ex
585 1349 722 1393 furtis
757 1349 1109 1406 explicabantur,
1154 1349 1310 1405 quibus
1352 1348 1548 1391 iuniores
1591 1348 1790 1391 seniores

352 1427 692 1485 spoliavissent3
737 1427 889 1483 itaque
920 1442 1009 1469 non
1050 1426 1193 1468 solum
1234 1429 1335 1469 tota
1366 1426 1563 1469 carmina
1594 1425 1790 1469 alterum

348 1519 403 1547 ex
446 1503 515 1546 his
549 1503 845 1560 scriptoribus
885 1502 1073 1559 paganis
1116 1502 1253 1544 alteri
1294 1502 1566 1559 surripuisse
1611 1504 1789 1545 conten-

348 1581 473 1633 dunt,
507 1580 585 1622 sed
616 1580 751 1622 etiam
782 1579 827 1621 in
859 1579 1110 1622 elocutione
1143 1579 1337 1622 alterum
1370 1579 1559 1621 alterius
1594 1579 1792 1635 vestigia

345 1672 549 1715 premere
596 1658 966 1700 observaverunt.
1047 1656 1207 1699 Melius
1260 1671 1345 1712 quo
1398 1655 1582 1699 consilio
1630 1658 1790 1712 poetae

348 1734 511 1778 Graeci
541 1734 613 1777 usi
644 1736 794 1777 essent
825 1733 1058 1790 perspexit
1092 1733 1288 1790 scriptor
1319 1734 1588 1790 ingeniosus,
1632 1733 1707 1789 qui
1738 1733 1790 1775 li-

346 1811 512 1855 bellum
550 1811 648 1866 περὶ
689 1812 832 1861 ὕψους
862 1811 1130 1867 composuit,
1178 1811 1254 1853 ubi
1294 1810 1403 1854 dicit
1434 1810 1580 1868 capite
1611 1810 1790 1863 XIIL2

347 1889 437 1932 alia
468 1904 640 1946 quoque
672 1889 745 1932 via
777 1888 833 1931 ad
855 1888 1177 1931 sublimitatem
1199 1888 1379 1931 ascendi
1410 1903 1540 1944 posse
1571 1903 1682 1945 quae
1717 1888 1792 1930 via

348 1965 410 2008 sit
438 1973 526 2007 τῶν
558 1968 813 2019 ἔμπροσθεν
843 1965 1045 2020 μεγάλων
1068 1965 1364 2021 συγγραφέων
1395 1964 1465 2007 καὶ
1498 1973 1694 2018 ποιητῶν
1725 1967 1791 2019 μί-

347 2045 478 2097 μησίς
506 2058 551 2084 τε
582 2041 652 2084 καὶ
686 2045 870 2097 ζήλωσις
912 2050 958 2085 et
998 2047 1156 2098 postea
1188 2041 1227 2098 (ξ
1249 2042 1292 2098 4)
1333 2041 1386 2084 de
1419 2041 1571 2084 eadem
1602 2056 1652 2083 re
1683 2041 1792 2083 haec

347 2118 508 2172 adicit,
555 2118 712 2175 quibus
757 2118 1002 2174 scriptores
1049 2117 1147 2172 περὶ
1189 2121 1355 2172 κλοπῆς
1392 2117 1521 2173 tangi
1557 2117 1793 2174 perspexit

346 2194 607 2238 Dindorfius
624 2194 676 2249 5):
709 2196 827 2236 ἔστιν
860 2193 896 2236 δ’
931 2193 984 2237 οὐ
1006 2195 1150 2248 κλοπὴ
1181 2195 1230 2236 τὸ
1252 2200 1442 2248 πρᾶγμα,
1474 2193 1583 2235 ἀλλὰ
1614 2194 1672 2244 ὡς
1706 2194 1792 2235 ἀπὸ

444 2329 478 2371 1)
506 2328 734 2362 Stromateon
760 2327 810 2361 VI
840 2327 959 2370 capite
987 2327 1031 2361 II.

442 2394 479 2436 2)
504 2392 633 2437 Praep.
662 2404 713 2429 ev,
740 2393 774 2427 X
800 2393 919 2437 capite
945 2393 1006 2427 ΠΙ.

442 2461 478 2504 3)
505 2460 803 2495 Wilamowitzius
841 2460 943 2494 Hom.
971 2460 1053 2494 Unt.
1082 2471 1114 2504 p.
1144 2462 1211 2494 347
1238 2460 1472 2494 Valckenarii
1498 2458 1792 2494 dissertationem

348 2525 392 2561 de
417 2526 629 2561 Aristobulo
656 2531 799 2561 secutus
826 2527 1075 2561 Aristobulum
1106 2530 1290 2561 auctorem
1317 2526 1509 2561 Clementis
1536 2536 1615 2560 esse
1642 2525 1741 2560 dicit.

441 2594 478 2638 4)
506 2593 563 2627 Sic
590 2593 767 2628 Aretades
795 2592 892 2638 apud
917 2593 1115 2628 Eusebium
1141 2593 1163 2627 1.
1190 2593 1212 2626 l.
1239 2605 1273 2637 p.
1301 2595 1380 2628 467.

442 2661 479 2705 5)
507 2660 575 2703 Qui
600 2660 719 2695 locum
752 2661 821 2695 huc
859 2660 999 2695 vocavit
1033 2659 1087 2695 ed.
1117 2660 1224 2694 Clem.
1252 2659 1407 2704 praefat.
1435 2672 1468 2704 p.
1496 2660 1636 2702 XXV13
1675 2659 1791 2693 locum

348 2726 499 2761 similem
524 2726 605 2761 Sen.
625 2737 719 2761 suas.
739 2727 801 2770 III,
821 2729 841 2760 7
869 2729 955 2771 (non
973 2726 1200 2771 subripiendi
1227 2737 1336 2761 causa
1363 2725 1425 2761 sed
1451 2726 1571 2770 palam
1588 2725 1791 2771 mutuandi)

347 2792 499 2828 adnotat
523 2792 563 2827 F.
591 2793 676 2828 Leo.
