2111 3303
974 211 1029 252 27

288 333 415 373 cutus
434 328 696 384 Graspardus
729 327 755 369 ].
775 327 802 369 1.
837 342 876 382 p.
903 327 984 369 162
1004 342 1111 383 sqq.,
1145 341 1359 383 suppares
1393 340 1488 368 esse
1516 324 1730 368 videntur

287 406 330 448 N
361 405 429 448 VI
461 408 508 448 et
538 405 580 446 N
612 405 695 446 XI.

400 482 469 524 De
511 481 836 537 discrepantia,
886 494 997 536 quae
1044 480 1164 522 inter
1212 479 1489 534 singularum
1531 481 1732 521 aetatum

287 559 483 602 carmina
514 557 786 610 intercedat,
831 572 927 600 cum
959 556 1075 613 quod
1117 556 1173 598 ad
1206 556 1454 598 sententias
1486 558 1582 598 tum
1613 555 1731 612 quod

287 636 345 678 ad
374 635 664 678 elocutionem
713 634 961 690 pertineat,
1009 632 1139 675 multi
1185 632 1327 675 multa
1373 634 1732 675 observaverunt

287 715 422 769 atque
452 714 563 755 bene
585 711 838 768 Leopoldus
857 709 1057 753 Schmidt
1071 709 1101 764 ¹)
1134 709 1347 752 nonnulla
1380 723 1490 765 quae
1521 709 1731 751 iuvenilis

288 789 549 832 elocutionis
595 787 861 830 Pindaricae
911 787 1098 843 propria
1142 801 1237 829 esse
1291 786 1501 828 videntur
1546 786 1730 837 monuit,

288 866 384 909 dico
417 881 593 908 carmen
635 865 681 906 in
714 865 961 906 sententias
993 865 1154 906 breves
1189 863 1315 919 quasi
1347 863 1591 915 divulsum,
1634 878 1729 905 sen-

287 942 455 985 tentias
488 942 565 983 vix
586 941 708 983 inter
740 955 787 982 se
809 940 1066 982 conjunctas
1100 941 1146 982 et
1169 939 1343 982 similia.
1396 939 1578 981 Iuvenis
1610 939 1732 982 inter

287 1019 552 1061 modestiam
585 1021 631 1061 et
653 1017 962 1072 arrogantiam
985 1016 1119 1059 animi
1140 1016 1375 1072 pendentis
1402 1016 1631 1072 proprium
1665 1018 1734 1059 est

287 1096 322 1138 P
355 1096 399 1138 X
428 1096 483 1138 53
502 1111 619 1152 sqq.,
666 1095 742 1137 ubi
788 1094 909 1137 inter
955 1095 1095 1136 verba
1139 1094 1341 1136 modesta
1385 1093 1573 1148 legimus
1606 1109 1645 1135 v.
1679 1095 1734 1136 56

289 1175 376 1215 ὄπα
415 1177 624 1227 γλυκεῖαν
664 1172 794 1226 ἐμάν,
840 1171 955 1228 quod
992 1185 1249 1213 excusamus
1291 1172 1337 1211 1'n
1380 1172 1512 1226 poeta
1560 1170 1734 1212 seniore

288 1252 334 1293 et
364 1251 555 1306 probato
586 1249 629 1292 N
661 1249 737 1290 HI
769 1249 807 1301 9,
840 1248 883 1291 N
916 1248 983 1290 VI
1014 1249 1081 1300 54,
1122 1247 1278 1289 Bacch.
1311 1247 1388 1288 HI
1420 1248 1497 1299 97,
1541 1262 1630 1288 non
1662 1262 1733 1288 ex-

289 1339 491 1369 cusamus
536 1327 583 1368 in
613 1326 771 1368 iuvene
803 1325 892 1367 XX
935 1325 1032 1367 fere
1076 1339 1304 1366 annorum.
1368 1323 1512 1366 Simili
1557 1324 1733 1366 ratione

288 1403 405 1460 quod
427 1403 484 1446 ad
505 1403 796 1446 elocutionem
823 1402 1003 1453 attinet,
1038 1401 1164 1444 modo
1189 1401 1412 1457 epicorum
1441 1400 1610 1456 pressit
1630 1415 1734 1456 poe-

287 1483 437 1523 tarum
470 1480 678 1540 vestigia,
721 1479 843 1522 cuius
877 1479 945 1521 rei
977 1478 1224 1534 exemplum
1255 1477 1656 1520 luculentissimum
1689 1477 1736 1519 in

288 1558 431 1600 lucem
462 1557 694 1613 protraxit
712 1555 1089 1598 Wilamowitzius
1104 1555 1134 1609 ²)
1158 1555 1199 1597 N
1221 1556 1259 1597 X
1284 1555 1309 1596 9
1342 1554 1551 1608 πολέμοιο
1584 1554 1734 1607 νέφος,

287 1634 405 1690 quod
437 1634 640 1690 sequitur
672 1634 708 1675 P
740 1633 894 1687 243s4,
936 1632 1063 1675 modo
1097 1631 1388 1674 audacissime
1420 1636 1466 1673 et
1498 1646 1627 1675 voces
1660 1647 1735 1674 no-

288 1711 418 1754 vavit
448 1737 503 1741 —-
535 1711 826 1765 ἀριστόμαχος
857 1709 892 1751 P
925 1710 971 1751 X
1001 1710 1039 1759 3,
1074 1709 1376 1763 πολεμάὸοκος
1406 1708 1442 1750 P
1468 1708 1512 1750 X
1536 1708 1602 1761 13,
1634 1708 1735 1750 ἀκα-

288 1790 589 1843 μαντολόγχας
620 1788 650 1830 J
683 1787 778 1829 VH
811 1787 877 1839 10,
910 1789 1193 1841 κελαινεγχής
1222 1786 1265 1827 N
1296 1785 1340 1826 X
1365 1785 1421 1827 84
1460 1811 1506 1815 -·
1540 1792 1585 1827 et
1616 1785 1734 1827 locu-

288 1866 446 1918 tiones,
481 1865 602 1907 cuius
635 1865 703 1907 rei
735 1864 937 1920 exempla
967 1863 1181 1905 nonnulla
1213 1865 1471 1919 sequantur.
1530 1862 1583 1904 Id
1619 1862 1735 1918 quod

288 1942 458 1997 legitur
490 1941 525 1983 P
557 1942 601 1982 X
631 1942 688 1983 44
717 1946 908 1996 θρασείᾳ
939 1941 1085 1982 πνέων
1116 1941 1276 1996 καρδία
1315 1939 1463 1995 aliquo
1506 1939 1633 1981 modo
1669 1954 1735 1982 se-

291 2018 445 2075 quitur
478 2019 645 2075 epicam
689 2018 957 2061 locutionem
999 2018 1130 2071 μένεα
1175 2020 1401 2065 πνείοντες
1427 2017 1609 2070 Ἀχαιοί,
1656 2016 1735 2058 sed

288 2095 595 2138 intercedente
627 2111 710 2138 usu
739 2095 963 2147 liberiore,
999 2109 1127 2150 quem
1158 2093 1293 2135 habet
1312 2092 1437 2135 Scuti
1468 2109 1508 2135 v.
1537 2093 1592 2134 24
1624 2092 1734 2145 ὑπὲρ

290 2173 459 2214 σακέων
490 2176 716 2222 πνείοντες
747 2176 793 2214 et
812 2171 1065 2227 Aeschylus
1086 2171 1207 2227 Sept.
1227 2171 1281 2213 53
1313 2173 1459 2224 θυμὸς
1492 2204 1499 2211 .
1526 2204 1533 2211 .
1559 2203 1566 2211 .
1599 2172 1734 2221 ἔπνει,

291 2254 338 2292 et
370 2249 505 2292 simili
548 2250 726 2292 ratione
766 2249 1047 2305 aliquantum
1091 2248 1214 2290 ultra
1253 2262 1380 2289 usum
1424 2248 1594 2303 epicum
1635 2262 1736 2303 pro-

289 2326 498 2382 greditur
529 2326 559 2369 J
583 2326 675 2370 VH
697 2326 764 2376 34,
797 2325 872 2368 ubi
903 2325 974 2368 vir
1008 2325 1082 2381 qui
1113 2324 1302 2367 fortiter
1334 2339 1538 2380 pugnans
1574 2323 1736 2366 occidit

290 2403 476 2445 dicitur:
522 2402 710 2445 εὐανθέ’
761 2402 1038 2451 ἀπέπνευσας
1084 2401 1272 2453 ἁλικίαν,
1322 2401 1392 2442 cui
1438 2401 1737 2456 comparanda

290 2482 359 2523 est
389 2479 556 2522 locutio
590 2479 714 2536 epica
744 2484 786 2520 Δ
821 2479 930 2521 514:
964 2480 1114 2533 θυμὸν
1143 2478 1408 2520 ἀποπνείων.
1476 2477 1736 2520 Artificiose

390 2724 421 2759 1)
447 2720 601 2755 Pindars
628 2721 751 2755 Leben
778 2720 851 2754 und
877 2721 1060 2763 Dichtung
1087 2720 1205 2761 (Boun
1236 2720 1340 2763 1862)
1368 2730 1401 2763 p.
1430 2722 1471 2753 51
1490 2730 1566 2762 sqq.

389 2789 426 2833 2)
452 2787 541 2823 Eur.
567 2787 760 2822 Herakles2
787 2788 822 2821 11
848 2798 882 2831 p.
908 2788 986 2821 236.
