2111 3303
1040 200 1096 242 28

353 314 578 370 Gorgonis
623 317 756 369 caput
799 314 834 356 P
874 315 917 356 X
957 316 1011 356 46
1052 314 1169 356 dixit
1211 317 1414 356 ποίκιλον
1459 315 1786 371 variegatum¹)

351 391 605 443 δρακόντων
636 393 848 443 φόβαισιν
879 390 1073 433 crinibus
1108 390 1181 447 qui
1213 404 1379 444 angues
1413 393 1528 445 sunt,
1577 391 1650 447 qui
1681 407 1787 434 usus

353 466 555 522 sequitur
586 465 833 507 locutiones
877 465 1021 521 epicas
1064 465 1190 518 ἕρκος
1233 466 1457 518 ὀδόντων,
1503 466 1601 516 ἕδος
1642 470 1792 521 Θήβης

351 541 586 584 secundum
619 542 895 597 Brugmanni
927 541 1266 598 explicationem
1281 541 1336 595 ²);
1381 556 1522 598 neque
1559 543 1694 586 aliter
1725 543 1788 585 iu·
1822 557 1825 559 ’

350 618 445 660 dico
477 617 531 660 de
561 618 681 660 vasis
714 618 865 660 fictilis
890 618 930 660 N
951 619 995 660 X
1017 618 1130 673 3516,
1165 618 1283 674 quod
1315 618 1401 661 olei
1431 619 1610 675 plenum
1642 619 1786 662 Pana-

351 693 642 737 thenaeorum
672 694 917 750 praemium
951 699 1040 747 est,
1085 695 1408 751 descriptione:
1446 698 1612 749 καρπὸς
1643 696 1790 746 ἐλαίας

350 770 397 812 ἐν
429 770 599 824 ἀγγέων
630 770 803 824 ἕρκεσιν
835 774 1156 826 παμποικίλοις,
1191 775 1292 827 γαίᾳ
1323 771 1429 825 πυρὶ
1455 775 1672 828 καυθείσᾳ
1702 773 1790 815 Ar-

349 862 453 903 gum
486 847 630 900 venit,
673 862 802 903 quam
833 848 942 890 adeo
974 864 1062 891 non
1103 863 1199 890 cum
1229 848 1437 891 Dissenio
1471 848 1628 891 eximie
1660 864 1790 892 orna-

349 926 442 966 tam
473 924 582 976 dico,
615 930 666 966 ut
697 924 910 980 frigidam
942 939 1036 967 eam
1071 928 1117 968 et
1148 924 1440 967 artificiosam
1483 940 1578 968 esse
1610 929 1790 968 conten-

350 999 489 1042 derim
531 1000 807 1043 assentiente
848 1004 1002 1057 poeta,
1052 1001 1128 1058 qui
1166 1001 1278 1043 nihil
1321 1002 1463 1044 simile
1503 1005 1662 1058 postea
1704 1003 1790 1045 sibi

349 1077 589 1127 concessit,
630 1077 717 1119 nisi
757 1077 875 1133 quod
906 1078 941 1119 O
973 1078 1041 1119 IX
1074 1079 1128 1119 97
1168 1078 1308 1120 multo
1351 1078 1592 1135 simplicius
1636 1093 1788 1134 sagum

350 1154 559 1196 εὐδιανὸν
604 1154 837 1208 φάρμακον
880 1156 1020 1207 αὐρᾶν
1061 1154 1182 1197 dicit.
1238 1155 1366 1197 Addo
1398 1155 1441 1198 N
1473 1156 1515 1196 X
1548 1156 1600 1196 17
1634 1155 1788 1211 σπέρμ’

350 1230 613 1283 ἀδείμαντον
640 1228 877 1283 <Ηρακλεός
918 1230 1130 1273 adiectivi
1175 1231 1376 1283 traiecti,
1421 1231 1488 1274 rei
1527 1232 1646 1288 apud
1684 1231 1789 1274 Pin-

350 1305 505 1348 darum
536 1306 810 1360 notissimae,
844 1307 1089 1363 exemplum
1129 1322 1225 1350 esse
1254 1308 1387 1364 paulo
1422 1308 1589 1350 durius.
1654 1308 1791 1351 Acce-

349 1382 462 1425 dunt
501 1386 684 1438 praeter
724 1383 802 1426 has
845 1384 1185 1426 observationes
1228 1384 1285 1426 ad
1326 1384 1619 1427 elocutionem
1650 1385 1793 1441 perti-

349 1462 506 1502 nentes
539 1459 625 1502 loci
655 1460 881 1513 nonnulli,
923 1461 968 1502 in
1001 1461 1157 1517 quibus
1191 1461 1454 1504 offendimus
1497 1464 1542 1504 et
1574 1476 1682 1517 quos
1714 1461 1791 1504 vix

349 1535 506 1591 dignos
540 1551 636 1579 esse
667 1536 910 1579 diceremus
944 1540 1121 1580 matura
1152 1537 1339 1580 Pindari
1371 1540 1484 1589 arte,
1519 1538 1556 1580 si
1588 1542 1791 1594 tempora

349 1612 505 1655 horum
538 1613 781 1656 carminum
811 1614 969 1669 ignota
1002 1618 1172 1668 essent,
1215 1615 1312 1657 dico
1343 1615 1386 1657 N
1418 1615 1462 1656 X
1493 1615 1595 1669 8112
1640 1621 1685 1658 et
1728 1615 1789 1658 lo-

349 1704 445 1732 cum
477 1704 608 1746 saepe
639 1693 906 1746 temptatum
930 1691 964 1732 P
986 1691 1028 1732 X
1047 1692 1100 1733 36
1114 1690 1158 1746 3),
1194 1692 1394 1748 quamvis
1426 1691 1603 1734 minime
1634 1707 1790 1748 negem

348 1766 477 1809 iuxta
509 1766 586 1809 hos
618 1767 752 1821 locos,
786 1783 893 1824 quos
926 1770 1086 1824 poetae
1118 1768 1302 1811 iuvenili
1335 1768 1643 1820 condonamus,
1677 1768 1789 1811 alios

348 1843 563 1895 inveniri,
605 1859 713 1900 quos
753 1844 1076 1900 pulcherrimos
1118 1860 1213 1887 esse
1253 1844 1385 1887 facile
1417 1845 1648 1898 concedes,
1693 1845 1789 1888 dico

349 1919 564 1975 imagines
596 1919 631 1961 P
663 1920 705 1960 X
738 1921 839 1975 51s2
873 1923 918 1963 et
950 1921 1017 1973 59,
1052 1935 1238 1977 quarum
1268 1921 1393 1977 prior
1424 1921 1661 1977 imaginem
1692 1921 1789 1964 dili-

348 1999 509 2051 genter
541 1997 598 2038 ad
628 1998 758 2039 finem
789 1997 1008 2053 perducit,
1048 1997 1165 2054 quod
1194 1997 1241 2039 in
1271 1997 1366 2040 loco
1400 1998 1429 2041 J
1461 1998 1554 2041 VII
1587 1999 1642 2039 27
1672 2013 1790 2041 men-

347 2073 470 2115 tione
501 2073 682 2129 dignum
713 2073 871 2116 habuit
917 2074 1160 2117 scholiasta
1200 2090 1240 2130 p.
1274 2075 1370 2127 472,
1396 2077 1420 2115 :2
1462 2075 1600 2127 Abel,
1642 2075 1791 2118 altera

348 2149 519 2205 puellas
552 2150 722 2193 inducit
754 2150 970 2193 victorem
1002 2151 1241 2204 miranteS,
1283 2166 1413 2208 quam
1454 2167 1547 2194 rem
1590 2151 1678 2195 nisi
1710 2152 1790 2194 hoc

346 2226 441 2269 loco
473 2241 561 2268 non
593 2226 832 2283 descripsit
855 2226 1090 2280 Pindarus,
1123 2230 1202 2269 aut
1224 2227 1449 2283 egregiam
1482 2228 1788 2271 narrationem

351 2317 404 2345 ex
435 2303 756 2346 Dioscurorum
787 2303 941 2346 fabula
973 2303 1294 2360 depromptam,
1327 2319 1441 2360 quae
1472 2304 1574 2347 inde
1606 2319 1632 2347 a
1664 2321 1702 2347 v.
1732 2305 1788 2347 49

446 2436 479 2478 1)
508 2434 561 2467 De
594 2445 633 2468 rc
668 2434 834 2469 conferas
870 2434 1049 2469 Herodam
1086 2445 1235 2478 puerum
1269 2436 1494 2470 verberatum
1524 2436 1572 2469 111
1599 2438 1643 2470 89
1669 2447 1788 2470 ποικι-

346 2500 504 2543 λώτερον
529 2498 646 2543 ὕδρας
672 2500 859 2535 dicentem.

442 2569 478 2609 2)
505 2567 647 2601 Griech.
674 2567 923 2601 Grammatik³
951 2579 984 2612 p.
1012 2570 1090 2603 393.

443 2636 479 2677 3)
507 2634 618 2677 Quem
645 2645 723 2668 cum
760 2634 957 2669 scholiasta
996 2635 1137 2669 collatis
1177 2633 1391 2679 όρθαγόρας
1426 2637 1486 2670 Ar.
1525 2636 1621 2670 Eccl.
1649 2638 1717 2671 910
1753 2641 1789 2670 ct

347 2700 474 2742 schol,
515 2699 692 2744 Hesychio
730 2710 757 2735 S.
794 2712 823 2733 v.
859 2699 1014 2743 ὀρθίας,
1052 2701 1158 2735 Anth.
1187 2701 1287 2734 Plan.
1315 2703 1376 2735 261
1419 2701 1654 2745 interpretari
1691 2701 1784 2736 malo

347 2776 452 2809 quam
479 2777 556 2800 cum
594 2765 703 2800 castis
739 2766 822 2800 viris
859 2766 973 2801 doctis
1001 2766 1152 2811 Didymo
1187 2771 1222 2801 et
1250 2767 1445 2801 Schmidtio
1473 2768 1493 2801 l.
1522 2768 1541 2801 l.
1572 2780 1604 2812 p.
1633 2771 1676 2803 55
1702 2768 1783 2803 adn.
