2111 3303
966 231 1017 271 51

277 347 429 388 tarum
463 345 763 387 recentiorum
793 359 880 387 non
921 344 1094 401 recepit
1124 346 1324 399 ἄτρομος,
1358 347 1597 398 λεχεποιής,
1629 343 1715 398 ἐχέ-

279 438 419 476 φρων,
451 424 689 476 φθισήνωρ
722 423 769 464 et
789 424 1129 476 φθισίμβροτος,
1151 423 1287 478 atque
1310 421 1395 463 nisi
1422 421 1588 463 collata
1610 434 1716 463 voce

278 499 402 556 epica
433 498 621 552 ἀμογητί
659 513 755 541 eam
786 513 898 554 quae
931 513 1062 540 sensu
1095 498 1323 540 contrario
1365 500 1523 540 utatur
1555 497 1715 539 Pinda—

276 575 413 618 ricam
446 575 650 629 ἐγκονητί
691 575 896 630 intellegi
943 590 1030 617 non
1062 590 1204 631 posse.
1277 574 1415 617 Vides
1461 589 1591 630 quam
1623 574 1715 616 late

277 655 530 709 propagata
562 652 624 694 sit
655 652 846 695 elocutio
881 652 1005 708 epica
1034 667 1175 708 neque
1209 651 1377 703 dubito,
1419 652 1525 708 quin
1566 665 1716 694 serva-

278 729 338 772 tis
371 729 639 772 carminibus
672 729 807 786 epicis
840 728 979 772 multo
1012 728 1146 786 plura
1176 728 1301 770 nobis
1335 730 1517 784 praesto
1544 729 1716 771 fuerint

279 806 482 863 exempla
513 806 674 849 coloris
709 805 832 862 epici.

394 883 559 925 Tamen
606 883 856 926 elocutione
902 897 1073 939 quoque
1123 882 1366 925 Pindarum
1412 883 1599 939 propria
1648 882 1716 924 uti

278 960 503 1003 nonnullis
537 962 583 1002 et
615 959 794 1002 vocibus
828 962 875 1002 et
905 975 1059 1003 vocum
1092 960 1344 1016 generibus,
1379 974 1489 1016 quae
1515 959 1716 1016 exemplo

278 1037 400 1094 epico
434 1051 589 1080 carere
621 1037 846 1090 videntur,
893 1038 1094 1093 quamvis
1140 1037 1186 1078 in
1225 1036 1396 1079 lubrico
1428 1052 1508 1079 nos
1541 1036 1717 1079 versari

277 1114 453 1157 minime
499 1114 704 1168 nesciam,
752 1114 946 1170 prolatis
994 1114 1306 1157 demonstrare
1353 1114 1397 1155 in
1443 1113 1525 1156 hoc
1569 1113 1716 1169 capite

276 1191 383 1233 mihi
413 1191 638 1248 proposui.

393 1269 535 1323 Quam
581 1269 723 1311 libere
768 1268 995 1312 interdum
1044 1283 1193 1311 vocem
1245 1269 1410 1324 epicam
1458 1269 1511 1310 ab
1545 1267 1717 1310 usitata

280 1346 490 1389 deflectat
519 1346 742 1388 Pindarus
775 1345 1114 1401 significatione,
1147 1346 1192 1387 in
1224 1361 1309 1387 uno
1341 1345 1540 1401 exemplo
1574 1347 1620 1386 et
1650 1343 1717 1385 lu-

279 1423 582 1466 culentissimo
630 1424 957 1466 demonstrabo.
1035 1422 1273 1465 Discordia
1314 1422 1508 1464 Pindaro
1554 1421 1589 1464 O
1622 1418 1718 1462 XII

280 1500 333 1542 16
366 1499 618 1553 ἀντιάνειρα
651 1502 733 1553 est,
767 1499 968 1555 epitheto
1001 1499 1143 1555 igitur
1176 1501 1338 1541 ornata
1370 1501 1441 1541 est
1466 1498 1715 1549 Homerico,

280 1576 395 1633 quod
433 1576 622 1619 adnotat
662 1577 929 1619 Eustathius
961 1577 990 1618 l.
1023 1576 1051 1618 l.
1080 1573 1271 1630 Ὁμήρου
1305 1575 1542 1629 Ἀμαζόνας
1573 1575 1719 1617 ἀντια-

277 1656 427 1707 νείρας
459 1656 672 1703 εἰπόντος.
737 1654 871 1697 Cuius
903 1653 1024 1697 vocis
1053 1653 1270 1710 duplicem
1293 1652 1719 1709 interpretationem

278 1732 468 1786 praebet
498 1730 765 1788 Apollonius
806 1731 890 1773 lex.
925 1731 1075 1774 Hom:
1108 1732 1183 1781 τὰς
1215 1730 1261 1772 δὲ
1294 1730 1571 1785 ἀντιανείρας
1600 1733 1719 1782 Ἁμα-

281 1809 408 1858 ζόνας
441 1808 463 1849 ὁ
495 1805 574 1861 μὲν
600 1806 881 1863 Ἀρίσταρχος
912 1809 1164 1863 ι’σάνὸρους,
1208 1809 1318 1849 ἔνιοι
1361 1805 1408 1848 δὲ
1454 1808 1528 1855 τὰς
1575 1805 1719 1847 ἀντια-

277 1884 434 1934 ζούσας
481 1879 578 1926 οἶον
611 1883 951 1938 ἑναντιουμένας
982 1884 1192 1939 ἀνδράσι;
1240 1881 1470 1937 πολεμικαὶ
1503 1883 1610 1936 γάρ;
1661 1881 1718 1923 si-

277 1959 372 2001 mili
402 1960 530 2003 modo
563 1964 755 2017 utraque
787 1961 1026 2017 explicatio
1058 1961 1105 2003 in
1137 1960 1289 2003 scholl.
1324 1961 1362 2002 B
1396 1959 1452 2002 ad
1483 1962 1523 2001 Γ
1543 1959 1622 2001 189
1655 1958 1718 2000 in-

279 2037 483 2090 venitur;
511 2037 746 2079 secundam
764 2037 1105 2094 explicationem
1127 2037 1246 2079 tueri
1265 2037 1447 2079 videtur
1463 2035 1717 2091 Aeschylus

278 2113 425 2156 Prom.
459 2113 556 2167 722,
601 2114 677 2156 ubi
706 2114 951 2168 Ἀμαζόνων
998 2116 1185 2170 στρατὸν
1218 2115 1466 2168 στυγάνορα
1506 2113 1716 2169 praebet3

279 2190 510 2246 epitheton
540 2190 816 2233 Amazonum
849 2191 965 2248 quod
995 2192 1131 2234 habet
1163 2191 1316 2248 suppl.
1348 2191 1430 2232 277
1469 2191 1720 2245 ἀνάνδρους

276 2267 509 2322 Ἀμαζόνας
586 2283 690 2310 num
751 2268 990 2312 cohaereat
1051 2284 1147 2311 cum
1207 2283 1315 2311 voce
1375 2267 1498 2324 epica
1556 2267 1718 2309 nescio.

277 2344 578 2387 Aristarchea
609 2345 862 2402 explicatio,
909 2361 996 2403 qua
1043 2361 1121 2388 nos
1169 2345 1238 2388 uti
1270 2345 1475 2398 solemus,
1518 2344 1718 2401 quamvis

277 2421 373 2464 loco
405 2421 641 2465 Homerico
690 2422 840 2480 aliquo
882 2423 1009 2466 modo
1043 2426 1151 2480 apta
1183 2423 1257 2475 sit,
1305 2425 1456 2465 tamen
1491 2435 1634 2478 neque
1673 2420 1719 2462 in

278 2498 422 2541 locum
454 2498 637 2542 Coluthi
668 2515 696 2543 v
729 2501 815 2542 170
843 2500 1050 2557 quadrat,
1092 2515 1194 2542 nam
1224 2499 1473 2542 Minervam
1506 2500 1718 2551 ἴσανδρον

279 2574 428 2618 dicere
459 2575 719 2632 ineptientis
753 2580 835 2629 est,
867 2593 1009 2634 neque
1041 2578 1088 2620 in
1118 2577 1263 2620 locum
1286 2576 1585 2629 Pindaricum,
1617 2588 1718 2616 nam

279 2651 504 2695 discordia
537 2652 632 2695 sine
655 2653 786 2696 dubio
810 2661 879 2697 est
909 2655 933 2709 ἡ
957 2655 1186 2704 ἐναντίους
1208 2659 1398 2696 ποιοῦσα
1418 2654 1521 2702 τοὺς
1542 2653 1719 2707 ἄνδρας,

280 2744 410 2785 quam
458 2730 830 2786 significationem
870 2731 1059 2775 novavit
1090 2731 1312 2774 Pindarus
1357 2730 1592 2773 secundam
1624 2743 1718 2772 eam

280 2820 393 2863 quae
423 2806 531 2850 locis
566 2810 610 2850 et
637 2808 823 2852 Homeri
855 2812 901 2852 et
925 2808 1108 2852 Coluthi
1140 2810 1306 2862 subest,
1341 2808 1436 2850 dico
1471 2807 1717 2860 secundam,

1379 2884 1441 2925 4*
