2111 3303
1016 218 1071 261 38

319 332 529 375 novantis
563 332 762 388 exempla
800 333 1028 389 proferam
1069 336 1114 376 et
1145 337 1390 390 praeeunte
1420 334 1661 378 Eustathio
1693 336 1756 378 in-

320 408 528 464 cipiemus
572 409 627 450 ab
660 408 870 464 epithetis
919 409 1122 463 deorum,
1170 425 1282 467 quae
1327 425 1354 453 a
1398 411 1756 468 Brachmann01)

319 483 661 540 diligentissime
694 484 881 527 collecta
910 491 1093 542 praesto
1127 489 1232 529 sunt
1263 489 1309 529 et
1339 487 1385 528 in
1407 487 1563 543 quibus
1588 490 1757 544 quanta

318 563 419 603 arte
452 560 653 616 epitheta
685 561 808 617 epica
854 564 1030 605 secutus
1074 563 1312 606 novaverit
1357 563 1601 617 Pindarus,
1644 565 1756 608 bene

317 636 615 692 intellegitur.

432 713 585 756 Primo
631 714 727 757 looo
779 715 983 771 epitheta
1028 715 1149 758 Iovis
1199 716 1564 758 enumerabimus.
1626 716 1754 760 Inve-

315 789 503 832 niuntur
533 790 651 847 apud
679 790 922 834 Pindarum

435 867 548 907 loz-222·
579 868 755 919 epitheta
786 870 926 920 opica:
959 869 1161 924 (praeter
1193 882 1244 910 ea
1275 883 1388 925 quae
1410 868 1633 911 nominum
1652 884 1755 926 pro-

316 943 518 998 priorum
564 944 708 986 instar
755 947 862 986 sunt
907 947 1116 1000 Αἰγίοχος
1163 947 1210 987 et
1259 959 1372 1001 quae
1418 945 1612 989 Pindaro
1659 961 1755 988 oum

315 1019 589 1074 Bacehylide
620 1021 866 1063 eommunia
897 1025 1002 1064 sunt
1033 1023 1254 1077 Κρονίδας
1285 1024 1332 1064 et
1362 1022 1615 1076 Ὀλύμπιος,
1660 1024 1755 1080 qui-

316 1097 396 1139 bus
421 1097 633 1153 epithetis
666 1097 838 1140 accedit
857 1098 1023 1140 locutio
1056 1098 1180 1154 epioa
1199 1098 1337 1154 ’Ἠρας
1358 1101 1485 1149 πόσις
1505 1100 1546 1142 N
1567 1100 1660 1142 VH
1682 1101 1754 1154 95)

316 1172 554 1215 ἀθανάτων
584 1176 810 1228 βασιλεύς,
858 1174 1059 1229 μέγιστος
1099 1178 1265 1229 πατήρ,
1311 1176 1469 1226 ξείνιος
1511 1179 1558 1219 et
1600 1177 1752 1228 ξένιος,

313 1250 500 1304 ὕπατος;
565 1251 738 1293 accedit
789 1251 827 1293 si
880 1251 1052 1308 quidem
1104 1251 1346 1295 Eustathio
1399 1253 1471 1309 (fr.
1524 1253 1649 1296 Pind.
1683 1255 1753 1309 15)

314 1326 445 1370 fidem
476 1327 685 1370 habemus
718 1328 1075 1383 s’pmqooipayogss).

431 1405 545 1446 loz-115
577 1406 766 1456 epitlwfa,
799 1421 903 1458 qnae
934 1407 1159 1458 exemplum
1194 1410 1347 1459 epicum
1381 1412 1639 1460 sequantur:
1672 1409 1753 1462 ἅφ-

313 1486 442 1531 θιτος
472 1482 507 1523 P
537 1481 605 1523 IV
631 1482 712 1523 291
748 1483 951 1540 sequitur
982 1484 1250 1527 locutionem
1282 1485 1449 1542 epicam
1481 1488 1524 1526 Ω,
1555 1486 1610 1527 88
1641 1485 1754 1535 Ζεῦς

313 1559 483 1611 ἄφθιτα
500 1560 639 1612 μήδεα
659 1560 786 1609 εἰδώς
803 1560 955 1602 eadem
971 1560 1271 1603 translatione
1289 1576 1376 1617 qua
1391 1561 1611 1605 Homerus
1622 1562 1752 1604 3447

312 1634 473 1689 aegida
495 1635 689 1690 ἀγήραον
709 1636 939 1690 ἀθανάτην
961 1653 1005 1678 τε
1027 1636 1141 1680 dixit
1173 1640 1220 1680 et
1241 1638 1418 1694 Iupiter
1441 1638 1655 1695 siquidem
1687 1640 1752 1681 in-

313 1715 501 1754 vocatur
535 1712 570 1755 O
603 1712 697 1754 VH
728 1713 783 1754 87
818 1716 902 1755 Ζεῦ
934 1714 1091 1767 πάτερ,
1137 1716 1345 1757 νώτοισιν
1386 1715 1641 1770 Ἀταβυρίου
1679 1732 1751 1770 με·

313 1787 450 1842 δέων,
492 1803 617 1832 nemo
658 1805 745 1832 non
788 1792 929 1833 sentit
972 1791 1219 1847 exemplum
1262 1792 1431 1848 epicum
1473 1794 1514 1834 Γ
1540 1793 1623 1835 276
1665 1796 1752 1835 Ζεῦ

311 1865 445 1917 πάτερ
471 1865 648 1920 Ἴδηθεν
679 1867 858 1920 μεδέων.
904 1868 1004 1910 Duo
1028 1868 1229 1924 epitheta
1260 1869 1384 1925 epica
1414 1869 1459 1910 in
1489 1885 1621 1911 unum
1653 1884 1752 1912 oon-

313 1941 495 1985 fluxisse
527 1942 622 1984 dico
654 1943 699 1984 in
732 1943 793 1985 eis
827 1958 938 1999 quae
971 1951 1218 2000 sequuntur
1248 1945 1371 1987 Iovis
1404 1945 1617 2002 epithetis
1650 1945 1751 1988 Pin·

312 2018 498 2061 daricis:
545 2021 857 2073 βαρύγδουπος
898 2023 944 2063 et
975 2023 1336 2076 βαρυσφάραγος,
1380 2023 1535 2079 quibus
1566 2025 1752 2080 praeter

312 2095 476 2138 similia
522 2097 817 2151 ἐρίσφάραγος
857 2100 904 2140 et
936 2098 1199 2151 ἐριγδουπος
1245 2099 1443 2156 exemplo
1484 2100 1573 2142 fuit
1619 2101 1750 2154 βαρύ·

311 2266 344 2298 p.
373 2256 439 2299 IX)
466 2257 619 2290 contulit
646 2268 687 2291 ex
715 2258 867 2291 aliorum
894 2259 1075 2293 nominum
1103 2260 1266 2302 partibus
1293 2260 1345 2293 ita
1371 2261 1559 2304 copulatis,
1593 2265 1631 2293 ut
1658 2270 1751 2294 nova¹

311 2322 514 2356 coniunctio
543 2323 703 2364 intellegi
730 2335 800 2358 non
828 2325 952 2368 possit,
980 2331 1079 2367 orta3
1117 2336 1208 2368 quae
1234 2326 1328 2360 ratio
1348 2327 1507 2369 quamvis
1534 2337 1603 2360 non
1631 2327 1751 2361 valeat.

310 2388 347 2422 in
374 2393 516 2431 poetam
545 2390 782 2425 elocutionem
810 2402 911 2425 suam
928 2397 1128 2435 novantem,
1157 2397 1378 2436 quantopere
1404 2393 1440 2426 in
1467 2393 1580 2436 ipsius
1606 2393 1750 2437 linguae

309 2455 448 2499 legibus
476 2460 511 2489 et
539 2456 795 2492 consuetudine
821 2458 978 2502 positum
1006 2459 1115 2493 fuerit
1141 2459 1206 2493 tali
1232 2458 1335 2493 modo
1362 2469 1487 2493 vocum
1505 2459 1749 2493 novandarum

311 2522 534 2556 occasionem
561 2522 756 2558 faciliorem
782 2524 944 2567 reddere,
972 2530 1097 2569 aperte
1124 2525 1355 2560 demonstrat.

409 2592 442 2631 1)
470 2590 702 2634 Supplement
739 2602 782 2624 zu
817 2592 996 2626 Roschors
1035 2592 1220 2627 Ausfuhrl.
1247 2593 1444 2636 Mytholog.
1474 2593 1649 2629 Lexicon.
1688 2593 1750 2627 ubi

310 2655 406 2689 locos
436 2656 645 2691 Pindaricos
673 2658 841 2702 invenies,
871 2670 959 2701 quos
986 2659 1149 2702 equidem
1177 2670 1247 2693 non
1274 2658 1439 2694 laudabo.

407 2725 442 2760 2‘)
472 2723 704 2768 Ba(·‹·}1ylidos
732 2726 885 2759 colorem
913 2727 1051 2770 epicum
1090 2727 1125 2760 in
1152 2727 1245 2761 Iovis
1272 2726 1442 2770 epithetis
1469 2725 1748 2770 ἀργικέραυνος,

311 2786 570 2833 ἐρισφάραγος,
598 2791 783 2835 ὑψίζυγος,
810 2791 1002 2836 ὑψιμέδων
1030 2804 1116 2835 prae
1143 2804 1180 2827 se
1209 2793 1290 2827 fert.
