2111 3303
1044 239 1098 279 52

358 367 470 410 quae
501 368 588 394 non
619 352 879 394 Aristarchi
911 355 992 403 est,
1038 354 1084 394 et
1117 366 1246 408 quam
1277 352 1493 408 originem
1537 352 1705 408 cepisse
1736 352 1792 394 ab

358 430 420 472 eis
453 429 575 480 locis,
604 428 679 470 ubi
702 429 906 477 ἀντίθεος
927 427 1180 484 explicatur
1201 428 1222 471 ὁ
1245 428 1581 482 ἐναντιούμενος
1610 433 1734 478 θεοῖς
1747 427 1791 482 1),

357 505 558 548 dixerim.

477 581 581 623 Pari
612 580 807 632 audacia,
855 594 939 636 qua
988 580 1099 622 hanc
1144 595 1291 623 vocem
1337 581 1505 637 epicam
1535 581 1589 623 ab
1620 580 1794 623 usitata

359 658 553 706 deflexit,
601 657 736 699 etiam
781 656 892 699 alias
936 672 1066 699 voces
1100 657 1427 712 significatione
1469 656 1706 712 usurpavit
1737 657 1792 699 ab

358 735 531 777 usitata
575 749 762 790 prorsus
808 733 1056 786 recedente,
1106 733 1223 776 sicut
1252 733 1287 775 P
1319 734 1389 776 IX
1421 735 1475 775 57
1522 736 1707 788 ἔννομος
1736 733 1794 776 ad

358 812 571 866 νέμεσθαι
602 826 690 853 non
722 811 777 853 ad
810 813 948 865 νόμον
980 810 1129 854 redire
1160 810 1294 853 iussit
1307 810 1350 865 2),
1384 825 1495 867 quae
1516 811 1634 853 ratio
1658 810 1794 853 etiam

359 888 483 931 valet
506 888 552 930 in
570 888 603 929 P
622 887 691 929 XI
707 889 761 930 7b
794 887 1025 942 ε’πίνομος;
1059 887 1151 930 alia
1170 887 1300 930 huius
1323 887 1500 943 generis
1533 888 1795 931 observavit

358 965 628 1007 Eustathius
651 964 679 1006 1.
704 964 745 1011 1.,
781 964 855 1020 qui
876 978 971 1006 cum
993 963 1108 1006 falso
1132 965 1299 1006 afferat
1329 964 1555 1018 εὐώνυμος
1588 984 1638 999 =
1671 965 1796 1007 ἔνδο-

359 1042 444 1096 ξος,
491 1041 609 1097 quod
651 1040 845 1083 Pindaro
892 1056 985 1083 cun]
1031 1040 1225 1083 Hesiodo
1273 1055 1496 1083 commune
1542 1043 1623 1094 est,
1671 1042 1795 1083 recte

361 1120 595 1161 enumerat
626 1132 768 1170 voces,
816 1132 924 1173 quas
967 1117 1056 1159 alio
1099 1118 1274 1174 quidem
1307 1117 1462 1160 ordine
1502 1117 1792 1171 transscribo,

358 1195 466 1237 has:
498 1194 721 1237 Pindarus
753 1194 910 1237 tibiam
942 1194 1050 1236 dicit
1082 1194 1116 1236 P
1142 1194 1237 1236 XII
1268 1194 1323 1235 24
1356 1197 1564 1248 μναστῆρ’
1597 1194 1796 1248 ἀγώνων,

365 1273 505 1326 ἤγουν
551 1273 612 1320 εἰς
657 1273 831 1325 μνήμην
877 1272 1039 1325 ἄγοντα
1084 1273 1186 1320 τοὺς
1229 1270 1399 1324 ἀγῶνας
1430 1273 1476 1312 et
1506 1270 1549 1312 N
1580 1270 1604 1311 Ι
1636 1270 1690 1312 16
1721 1285 1795 1326 po-

358 1348 512 1405 pulum
542 1348 738 1403 πολέμου
768 1355 1007 1403 μναστῆρα,
1051 1349 1167 1402 παρὰ
1208 1349 1256 1390 τὸ
1299 1350 1528 1402 μνήσασθε
1561 1346 1608 1389 δὲ
1639 1348 1795 1401 θούρι-

360 1427 437 1474 δος
482 1424 614 1478 ἀλκῆς
675 1426 749 1476 (ex
790 1423 1022 1466 Eustathii
1067 1423 1552 1479 interpretationibus),
1599 1423 1630 1465 J
1673 1423 1724 1465 II
1768 1424 1795 1466 5

361 1505 511 1544 autem
554 1502 839 1557 pubertatem
882 1500 990 1543 dicit
1034 1501 1302 1554 μνάστειραν
1345 1499 1614 1555 Ἀφροδίτας,
1680 1500 1797 1557 quod

361 1581 518 1634 aperte
561 1578 617 1620 ad
657 1578 802 1634 epicas
846 1578 1094 1620 locutiones
1127 1580 1326 1631 μήστωρε
1358 1579 1518 1632 φόβοιο
1551 1582 1597 1619 et
1629 1576 1795 1620 similes

360 1655 483 1697 redit
529 1659 575 1697 et
623 1657 712 1697 est:
762 1669 814 1697 ea
858 1669 970 1710 quae
1011 1654 1172 1696 incitat
1216 1654 1273 1697 ad
1304 1653 1537 1706 Venerem,
1585 1654 1702 1696 sicut
1733 1654 1795 1696 eis

361 1746 473 1788 quae
504 1732 772 1774 Eustathius
818 1735 1058 1788 praeterea
1104 1732 1240 1774 affert
1283 1730 1538 1773 certaminis
1584 1730 1796 1787 epithetis

359 1809 715 1862 μνασιστέφανος
763 1810 808 1850 et
856 1808 1052 1861 μναστὴρ
1086 1808 1318 1862 στεφάνων
1361 1806 1544 1849 eandem
1577 1806 1797 1862 significa-

361 1885 531 1928 tionem
576 1885 720 1927 inesse
751 1887 892 1941 patet,
940 1899 1052 1941 quae
1085 1886 1175 1926 est:
1217 1883 1262 1926 id
1303 1883 1418 1940 quod
1449 1883 1611 1926 incitat
1642 1883 1699 1926 ad
1729 1899 1797 1927 co-

360 1977 494 2005 ronas
525 1962 755 2019 petendas.

476 2039 572 2082 Iam
601 2053 801 2096 propono
833 2038 1070 2081 nonnullas
1106 2052 1249 2091 voces,
1297 2052 1408 2094 quae
1440 2037 1626 2080 Pindari
1658 2037 1796 2080 solius

361 2116 572 2173 propriae
605 2131 700 2159 esse
731 2115 966 2170 videntum
1000 2115 1216 2172 imprimis
1251 2118 1356 2158 sunt
1379 2129 1506 2158 voces
1529 2129 1625 2157 cum
1647 2114 1796 2158 verbis

361 2193 634 2250 compositae
655 2193 807 2249 quales
841 2193 1104 2248 ἁγησίχορος
1119 2191 1164 2247 3),
1199 2192 1472 2246 ἀεξίγυιος·’),
1505 2194 1796 2247 μελησίμβρο-

361 2287 434 2319 τος
451 2270 497 2324 Ξ’),
530 2271 830 2325 πεισιχάλινος
843 2270 886 2324 6),
920 2271 1242 2324 πολεμαδόκος;
1278 2268 1356 2311 sed
1393 2271 1578 2326 praeter
1610 2269 1691 2311 hoc
1721 2283 1798 2311 vo-

459 2419 494 2462 1)
521 2417 732 2461 Apollonius
759 2417 826 2451 lex.
855 2417 956 2451 Hom.
985 2427 1013 2451 s.
1040 2428 1071 2450 v,
1100 2416 1196 2459 ἀντί,
1224 2415 1333 2450 schol.
1361 2415 1407 2450 ad
1433 2428 1456 2448 α
1484 2418 1538 2450 70,

458 2486 493 2526 2)
518 2483 658 2517 Monuit
685 2483 924 2518 Schwartzius
950 2483 986 2517 in
1013 2483 1144 2518 scholis
1174 2481 1217 2517 de
1242 2481 1400 2516 Pindaro
1426 2482 1570 2517 habitis.

459 2553 494 2594 3)
523 2550 575 2585 Cf.
603 2549 801 2594 ἁγησίλαος
835 2550 998 2594 Aeschyl.

457 2618 494 2662 4)
523 2617 637 2651 Voces
673 2617 806 2651 similes
832 2617 1044 2651 recentioris
1081 2616 1229 2660 originis
1263 2619 1410 2660 praeter
1436 2615 1670 2661 Aeschyleam
1703 2615 1800 2657 ἀεξί-

363 2685 507 2727 φυλλος.

459 2752 495 2793 5)
524 2749 576 2784 Cf.
603 2750 867 2796 θελξίμβροτος
894 2750 1058 2795 Bacchyl.

460 2819 496 2861 6)
524 2816 576 2851 Cf.
607 2817 865 2862 πεισίμβροτος
892 2817 1054 2861 Aeschyl.
