2111 3303
1016 187 1070 229 39

321 317 504 353 κτυπος,
544 307 589 344 et
621 302 864 356 εὐρύζυγος
895 304 943 344 et
973 302 1227 356 εὐρύτιμος,
1268 302 1313 344 in
1345 302 1503 359 quibus
1544 302 1761 345 novandis

321 385 503 436 praeter
546 378 592 421 id
631 378 748 435 quod
793 381 917 421 recte
947 379 1087 421 affert
1117 378 1385 421 Eustathius
1426 379 1455 421 1.
1488 379 1518 422 1.
1552 380 1763 433 ὑψίζυγος

323 459 369 499 et
391 455 582 510 ἐρίτιμος
612 470 679 497 me
701 455 844 498 iudice
865 455 1054 497 multum
1073 455 1219 498 valuit
1253 471 1338 498 vox
1361 456 1484 512 epica
1506 456 1703 511 εὐρυόπα
1718 455 1760 511 l).

440 535 553 575 Iovis
599 533 775 584 opulenta
817 547 945 574 <novat
987 532 1179 574 Praeter
1225 547 1277 575 ea
1316 547 1428 589 quae
1469 533 1666 576 :fortasse
1706 532 1763 575 ad

324 609 571 666 exemplum
603 610 771 666 epicum
803 609 921 666 quod
942 609 1120 651 interiit
1142 610 1393 652 revocanda
1425 613 1529 652 sunt
1561 609 1764 667 epitheta

323 687 498 739 τέλειος,
531 685 648 742 quod
668 685 863 727 Pindaro
896 700 992 727 cum
1016 685 1241 741 Aeschylo
1274 688 1321 728 et
1349 686 1621 742 Bacchylide
1651 702 1764 730 com-

324 778 452 805 mune
485 765 566 816 est,
601 769 646 805 et
676 763 918 816 γενέθλιος,
967 763 1036 804 cui
1068 762 1202 804 simili
1234 765 1304 805 est
1334 766 1558 817 γεννήτωρ
1591 763 1764 821 (Suppl.

329 839 447 896 196),
495 842 542 882 et
584 839 837 892 ἐλευθέριος
878 841 1057 881 restant
1103 839 1188 881 duo
1233 839 1534 896 epithetorum
1585 856 1764 896 genera,

325 931 513 973 quorum
552 916 745 959 alterum
786 915 842 959 ad
884 915 1035 958 Iovem
1078 916 1268 972 primum
1314 916 1457 959 locum
1497 917 1617 959 inter
1660 918 1764 961 deos

325 995 570 1045 tenentem,
617 993 810 1035 alterum
854 992 909 1035 ad
939 993 1274 1036 fulminatorem
1316 996 1362 1036 et
1403 996 1635 1037 tonantem
1665 1010 1766 1051 per-

325 1071 456 1113 tinet.
517 1070 691 1112 Prioris
736 1070 914 1126 generis
956 1073 1060 1113 sunt
1099 1070 1360 1113 Pindarica:
1407 1071 1580 1125 ἁγεμὼν
1616 1071 1766 1126 Ὀλύμ-

327 1163 450 1199 πιος,
496 1146 801 1203 ἀριστοτέχνα,
849 1149 1064 1197 δεσπότας
1089 1148 1325 1199 Ὀλύμπου,
1372 1148 1602 1202 κράτιστος
1632 1153 1767 1203 θεῶν,

326 1225 480 1278 κύριος
501 1225 690 1276 πάντων,
708 1224 962 1278 ὑπέρτατος,
979 1225 1175 1274 ὕψιστος.
1208 1224 1532 1281 Bacchylideaz
1566 1225 1767 1280 ἀρίσταρ·

327 1318 416 1356 χος,
447 1302 637 1357 ἀρχαγὸς
666 1306 800 1355 θεῶν,
831 1303 1183 1356 μεγιστοπάτωρ;
1227 1301 1431 1356 alterius,
1474 1302 1591 1359 quod
1620 1302 1767 1359 poetis

329 1379 601 1422 occasionem
631 1379 840 1435 praebuit
860 1378 1049 1436 pulchra
1080 1379 1281 1435 epitheta
1302 1379 1509 1433 novandi,
1542 1383 1648 1422 sunt
1665 1379 1769 1421 Pin-

329 1456 506 1498 darica:
560 1458 901 1510 αἰολοβρόντας,
957 1456 1308 1511 ἐγχεικέραυνος,
1362 1457 1676 1511 ἐλασιβρόντας
1722 1458 1768 1499 et

330 1534 485 1588 ἐλατὴρ
518 1536 707 1588 βροντᾶς
738 1533 979 1587 ὑπέρτατος
992 1533 1036 1589 2),
1083 1536 1471 1589 καρτεροβρόντας,
1504 1535 1770 1587 ὀρσίκτυπος

329 1612 376 1652 et
407 1611 646 1665 ὀρσινεφής
662 1610 706 1665 3),
757 1617 974 1664 στεροπᾶν
1006 1619 1235 1664 κεραυνῶν
1265 1627 1309 1652 τε
1341 1612 1577 1665 πρύτανις,
1625 1627 1769 1666 φοινι-

327 1687 641 1743 κοστερόπαςῆ
692 1690 826 1744 atque
878 1702 1035 1744 agmen
1098 1688 1268 1731 claudit
1331 1703 1418 1730 vox
1470 1687 1770 1743 Bacchylidea

327 1768 632 1820 κεραυνεγχής.

445 1841 754 1899 Olympiorum
786 1842 1139 1899 Nemeorumque
1181 1844 1422 1899 patronum
1454 1842 1648 1898 excipiat
1681 1842 1770 1898 Py-

428 2040 460 2082 1)
489 2038 587 2081 Quae
622 2050 689 2073 vox
716 2043 907 2082 praeterea
934 2039 1096 2083 exemplo
1132 2038 1201 2073 fuit
1238 2039 1384 2073 vocibus
1411 2038 1660 2083 Bacchylideis
1694 2038 1771 2072 his:

331 2104 514 2148 εὐρυάναξ
543 2105 659 2149 (epioe
685 2105 807 2149 ἄναξ),
845 2107 1020 2152 εὐρυβίας
1051 2106 1167 2151 (epioe
1195 2102 1410 2148 ἐρισθενής,
1448 2105 1543 2148 quod
1570 2109 1772 2148 sequuntur

330 2183 422 2215 quae
450 2171 657 2218 Bacchylidi
684 2183 763 2206 cum
789 2172 947 2207 Pindaro
974 2173 1174 2207 communia
1210 2176 1293 2207 sunt
1319 2170 1618 2216 μεγαλοσθενής,
1659 2184 1773 2216 μεγα-

330 2238 496 2284 σθενής),
523 2238 729 2283 εὐρυνεφής
755 2240 871 2284 (epioe
898 2238 1112 2285 ὑψινεφής).

425 2309 460 2346 2)
488 2305 619 2340 Subest
645 2306 765 2349 aliquo
792 2306 896 2341 modo
923 2305 1187 2351 ὑψιβρεμέτης,
1223 2305 1287 2341 sed
1313 2305 1508 2340 artificiose
1534 2304 1770 2340 reconditum.

424 2375 460 2416 3)
488 2372 628 2407 Similes
655 2377 738 2407 sunt
764 2383 868 2407 voces
893 2373 1169 2418 ssacchylideae:
1198 2372 1557 2416 duodecies-(Neptuni
1574 2372 1772 2416 epitheton,

330 2438 426 2482 quod
451 2440 615 2483 sequitur
642 2441 734 2485 hym.
760 2441 852 2474 hom.
872 2441 977 2474 XXII
994 2443 1014 2474 2
1040 2444 1221 2483 κινητῆρα
1247 2439 1439 2483 θαλάσσης
1466 2444 1501 2474 et
1529 2451 1544 2473 ε
1571 2441 1650 2481 291,
1678 2437 1773 2473 unde

329 2509 521 2549 praeterea
555 2510 636 2540 orta
669 2511 753 2540 sunt
791 2506 954 2550 epitheta
992 2505 1186 2540 Pindarica
1224 2505 1513 2549 ἀγλαοτριάινα,
1551 2505 1772 2548 Εὐτρίαινα,

331 2571 584 2617 ὀρσοτρίαινα)
618 2572 853 2619 ὀρσιβάκχας,
889 2572 1085 2617 ὀρσίμαχος
1112 2573 1312 2617 (Minervae
1339 2573 1547 2616 epitheton,
1588 2570 1684 2616 quod
1720 2581 1774 2606 se-

332 2638 455 2681 quitur
480 2642 513 2673 Δ
538 2642 618 2683 439,
645 2636 838 2684 ἐγρεμάχη,
865 2636 1151 2683 ἐγρεκύδοιμος).

426 2707 463 2748 4)
488 2705 640 2740 Recedjt
674 2707 718 2740 ab
745 2707 846 2750 epico
873 2703 1158 2750 ἀργικέραυνος,
1196 2705 1240 2740 ef.
1268 2704 1546 2751 Bacchylideum
1573 2706 1774 2748 φοίνισσαν

331 2771 452 2817 φλόγα
478 2773 581 2807 XVII
608 2775 663 2808 56.
