2111 3303
1016 214 1068 255 37

894 454 1094 498 CAPUT
1129 455 1183 498 V.

324 533 638 577 PINDARUS
683 532 975 586 QUOMODO
1017 531 1401 575 LOCUTIONES
1449 531 1526 573 ET
1570 529 1767 574 VOCES

355 609 685 654 SECUNDUM
716 608 1058 651 EXEMPLUM
1093 606 1322 650 EPICUM
1353 605 1736 649 NOVAVERIT.

439 715 514 757 Ad
544 715 675 757 finem
706 713 924 770 perducta
955 711 1297 769 quaestiuncula
1328 712 1381 754 de
1416 712 1492 764 eis,
1527 726 1637 768 quae
1665 711 1767 753 Pin-

329 793 462 835 darus
496 807 550 834 ex
581 792 702 847 epico
737 804 938 833 sermone
982 792 1062 832 aut
1092 789 1327 831 immutato
1374 797 1453 831 aut
1495 788 1660 831 leniter
1693 803 1767 830 va-

324 869 442 912 riato
477 868 741 925 sumpserit,
788 881 947 910 novam
980 866 1271 922 aggredimur
1312 868 1359 908 et
1391 865 1689 908 difficiliorem
1722 867 1768 907 et

322 946 601 1002 graviorem,
648 959 759 1001 quae
801 946 871 986 est
915 944 967 985 de
1001 944 1086 996 eis,
1129 957 1241 999 quae
1274 942 1496 985 Pindarus
1531 942 1768 985 secundum

324 1023 571 1079 exemplum
594 1022 763 1078 epicum
784 1021 1038 1064 novaverit.
1087 1020 1317 1077 Specimen
1348 1020 1457 1062 talis
1490 1019 1766 1076 quaestionis

322 1099 535 1157 proposui
577 1099 623 1141 in
655 1099 717 1141 eis
750 1113 863 1155 quae
896 1113 1032 1155 supra
1075 1099 1121 1139 in
1153 1097 1299 1154 capite
1343 1097 1397 1139 de
1429 1097 1464 1139 P
1496 1097 1562 1138 IV
1597 1096 1766 1152 scripto

323 1176 416 1219 dixi
456 1177 508 1219 de
551 1191 763 1232 equorum
795 1175 993 1232 equitum
1025 1190 1236 1217 curruum
1268 1174 1482 1231 epithetis
1517 1174 1767 1216 Pindaricis

323 1257 370 1297 et
400 1253 726 1310 Bacchylideis
789 1253 888 1306 Qua
928 1252 973 1294 in
1013 1268 1062 1294 re
1094 1251 1176 1294 hoc
1209 1258 1358 1294 tamen
1390 1251 1606 1307 imprimis
1639 1251 1768 1293 nobis

325 1331 566 1374 cavendum
614 1345 710 1373 esse
756 1329 960 1382 videtur,
1008 1345 1061 1371 ne
1107 1331 1310 1385 putemus
1359 1328 1664 1385 quaestionem
1711 1327 1766 1370 ad

322 1407 453 1450 finem
483 1407 667 1464 perduci
708 1421 838 1463 posse
886 1406 1125 1463 adscriptis
1169 1405 1225 1448 ad
1258 1405 1457 1461 singulas
1500 1405 1597 1448 fere
1637 1419 1766 1447 voces

322 1484 584 1527 Pindaricas
619 1483 831 1540 exemplis
865 1483 1021 1540 epicis,
1067 1483 1253 1525 secretis
1297 1482 1496 1525 fortasse
1527 1481 1765 1532 nonnullis,

323 1576 434 1618 quae
468 1561 654 1603 Pindari
684 1560 911 1616 ingeniose
942 1559 1152 1602 novantis
1195 1574 1291 1602 esse
1324 1559 1586 1611 videantur,
1631 1561 1767 1615 atque

322 1652 375 1681 ea
405 1638 594 1691 ratione,
629 1637 844 1694 quomodo
878 1637 1069 1679 elocutio
1102 1636 1343 1679 Pindarica
1375 1640 1479 1678 orta
1510 1636 1583 1687 sit,
1616 1635 1766 1692 potius

321 1715 511 1759 dixerim
542 1714 776 1758 elaborata
806 1729 833 1757 a
865 1713 1107 1771 scriptore,
1156 1729 1243 1756 non
1282 1728 1308 1755 a
1354 1715 1512 1769 poeta,
1561 1715 1766 1769 apertum

320 1792 419 1834 fieri
452 1799 497 1835 et
528 1791 826 1834 manifestum.
888 1785 1003 1834 Nam
1036 1791 1145 1833 adeo
1178 1806 1265 1832 non
1297 1791 1488 1833 dicemus
1524 1790 1768 1832 Pindarum

322 1869 476 1912 dedita
506 1883 642 1925 opera
682 1868 757 1910 diu
789 1868 1085 1925 quaesivisse,
1133 1868 1348 1924 quomodo
1391 1882 1541 1910 vocem
1573 1867 1769 1923 aliquam

323 1945 542 1989 traditam
594 1948 673 1988 aut
720 1947 920 1988 mutaret
966 1947 1045 1988 aut
1092 1959 1252 1987 novam
1299 1944 1402 1986 inde
1446 1944 1664 2000 fingeret,
1718 1946 1770 1985 ut

322 2024 528 2079 putemus
561 2022 682 2064 ultro
714 2024 877 2078 poetae
907 2022 953 2064 in
983 2024 1131 2064 mente
1166 2021 1300 2064 aliam
1333 2021 1491 2064 faciem
1524 2025 1574 2063 ut
1605 2021 1671 2063 ita
1704 2020 1768 2062 di-

321 2114 416 2142 cam
447 2099 644 2141 induisse
675 2114 819 2152 voces,
866 2113 973 2155 quas
1005 2099 1275 2155 accipiebat,
1319 2106 1364 2141 et
1406 2098 1622 2154 imprimis
1657 2097 1766 2140 duas

320 2191 465 2229 voces,
509 2178 620 2232 puta
652 2175 721 2217 dei
753 2175 967 2231 epitheta,
1012 2176 1058 2218 in
1090 2190 1223 2218 unam
1255 2190 1437 2231 eamque
1474 2189 1634 2217 novam
1668 2190 1766 2217 con-

323 2253 505 2296 fluxisse
523 2253 565 2309 l).
628 2252 775 2295 Pauca
806 2252 993 2295 Pindari
1026 2253 1266 2295 secundum
1298 2252 1546 2309 exemplum
1596 2252 1767 2308 epicum

419 2394 453 2436 1)
481 2393 559 2435 Qua
597 2393 633 2426 in
668 2403 706 2427 re
734 2393 873 2437 gaudeo
910 2404 966 2427 me
992 2393 1198 2427 consentire
1226 2403 1304 2426 cum
1331 2392 1666 2435 Reichenbergero,
1707 2392 1767 2434 qui

319 2459 398 2493 loco
424 2458 572 2493 laudato
600 2471 634 2503 p.
661 2462 704 2493 47
733 2459 919 2494 contendit
943 2460 1161 2494 locutionem
1189 2458 1418 2493 Pindaricam
1445 2459 1550 2498 σέλας
1570 2457 1766 2502 Ἁφαίστου

321 2529 437 2560 ortam
464 2536 542 2560 esse
571 2537 656 2569 „aus
693 2527 791 2560 einer
821 2530 887 2560 Art
912 2526 1107 2570 Kreuzung
1145 2525 1210 2560 der
1244 2525 1373 2560 beiden
1408 2526 1501 2560 hom.
1528 2524 1767 2568 Wendungen

321 2591 412 2636 φλόξ
434 2591 656 2636 ‘Hcpocz'owto
683 2593 756 2627 und
780 2593 898 2636 πυρὸς
923 2591 1050 2632 σέλας“
1080 2597 1115 2627 et
1142 2603 1221 2626 cum
1240 2592 1386 2635 Stolzio‚
1414 2592 1474 2635 qui
1502 2591 1593 2626 stud.
1611 2590 1764 2625 Vindob.

320 2659 421 2693 XXV
447 2661 571 2704 (1903)
607 2671 641 2704 p.
670 2662 739 2694 244
773 2670 895 2694 vocem
931 2660 1071 2703 epicam
1106 2661 1293 2704 μελίφρων
1330 2663 1447 2693 ortam
1483 2669 1561 2692 esse
1598 2657 1685 2691 dicit
1722 2668 1767 2691 cx

322 2726 521 2760 coniunctis
548 2727 693 2761 vocibus
723 2726 869 2770 εὔφρων
904 2730 940 2760 et
971 2725 1147 2770 μελιηδής
1182 2730 1217 2760 et
1252 2732 1292 2760 ut
1320 2725 1535 2760 sententiam
1572 2735 1672 2759 suam
1697 2723 1766 2758 ful-

320 2792 411 2827 ciret
428 2793 572 2827 nomina
589 2793 738 2837 propria
764 2795 849 2834 (sec.
865 2793 893 2826 F
896 2793 1132 2836 ick-Bechtel,
1152 2793 1220 2827 Die
1241 2803 1291 2836 gr.
1313 2793 1627 2827 Personennamen
1648 2790 1764 2835 praef.
