2111 3303
980 213 1035 254 55

289 327 452 383 prioris
485 328 686 384 exempla
718 330 823 370 sunt
840 327 1079 370 Pindarica
1111 328 1505 383 ἀκαμαντολόγχας,
1540 329 1729 382 ἀκαμαν-

287 405 488 459 τομάχας,
533 405 891 458 ἀκαμαντόπους,
923 404 1333 460 ἄκαμαντοχάρμας,
1380 403 1729 460 Bacchylideum

289 482 640 535 ἀκαμαντορόας,
683 481 800 537 quod
842 481 966 524 facili
1006 481 1187 537 negotio
1233 496 1329 524 cum
1373 482 1493 539 epico
1537 482 1601 536 (Π
1629 481 1728 536 176)

286 558 477 601 fluminis
520 558 720 615 epitheto
769 558 935 613 ἀκάμας
980 558 1289 613 coniungitur3
1333 565 1531 601 ceterum
1576 561 1729 602 utrum

286 634 437 678 eodem
484 650 538 678 ex
582 635 710 678 fonte
756 635 970 678 fluxerint
1014 635 1150 677 maris
1195 634 1397 692 epitheta
1443 635 1727 679 Pindaricum

286 713 452 766 ἀκάμας
468 712 815 766 Bacchylideum
849 712 1065 766 ἀκάματος
1095 725 1150 754 an
1182 712 1545 768 interpretentur
1576 727 1728 755 vocem

286 789 452 846 epicam
484 790 719 844 ἀτρύγετος
737 789 793 844 ¹),
839 789 1010 841 nescio3
1053 788 1141 830 nisi
1180 789 1303 831 forte
1344 789 1425 831 hoc
1471 790 1606 832 maris
1638 789 1728 846 epi-

285 866 445 909 theton
477 866 777 909 recentiorum
820 868 1070 922 temporum
1115 869 1186 908 est
1230 868 1365 922 atque
1405 867 1459 908 ab
1504 867 1728 922 epicorum

284 945 520 1000 poetarum
552 942 741 999 simplici
773 943 1050 998 cogitatione
1081 943 1298 985 abhorret
1330 943 1446 985 sicut
1477 943 1727 986 Mimnermi

284 1019 396 1062 illud
428 1020 485 1062 fr.
510 1020 558 1061 9:
589 1019 757 1069 Ἠέλιος
787 1018 867 1074 μὲν
900 1021 981 1074 γὰρ
1014 1022 1154 1062 πόνον
1186 1022 1366 1074 ἔλλαχεν
1398 1021 1538 1074 ἤματα
1570 1021 1724 1063 πάντα.

397 1096 611 1139 Alterum
661 1112 798 1152 genus
851 1097 1177 1153 epithetorum,
1237 1097 1353 1153 quod
1418 1098 1472 1139 ab
1527 1097 1725 1154 exemplo

283 1173 405 1230 epico
435 1173 625 1216 liberum
657 1189 753 1216 esse
786 1174 979 1227 videtur,
1014 1177 1084 1217 est
1104 1189 1269 1227 eorum,
1304 1189 1414 1231 quae
1447 1189 1541 1216 cum
1575 1189 1726 1231 super—

284 1251 428 1294 lativo
461 1251 707 1308 composita
740 1258 871 1301 sunt,
915 1252 984 1294 cui
1025 1254 1211 1308 praeter
1245 1251 1473 1307 singulare
1504 1251 1618 1294 illud
1651 1253 1726 1294 δυ-

284 1330 613 1384 σαριστοτόκεια
646 1332 692 1371 et
714 1328 892 1371 nomina
915 1329 1098 1384 propria
1121 1328 1320 1385 exemplo
1343 1328 1481 1371 fuisse
1513 1328 1726 1371 videntur

282 1405 465 1448 deorum
497 1405 813 1458 invocationes,
847 1406 962 1448 sicut
993 1405 1159 1448 locutio
1193 1406 1316 1462 epica
1332 1406 1418 1447 Ζεῦ
1444 1407 1620 1448 κύδιστε
1651 1405 1722 1460 μέ-

283 1495 402 1536 γιστε
467 1483 614 1525 traxit
673 1482 906 1540 epitheton
970 1482 1317 1538 Bacchylideum
1378 1484 1722 1537 μεγιστοπάτωρ.

283 1559 418 1602 Cuius
450 1560 629 1616 generis
663 1560 865 1617 exempla
898 1564 1001 1603 sunt
1033 1564 1247 1616 quantum
1280 1560 1368 1602 scio
1401 1559 1530 1602 haec:

396 1636 657 1680 Pindarica:
710 1637 1017 1691 ἀριστόγονος,
1064 1638 1375 1692 ἄριστόμαχος,
1419 1637 1724 1691 ἀριστόπονος,

283 1714 602 1770 ἀριστοτέχνας,
633 1717 956 1769 μεγιστόπολις,
989 1716 1370 1769 πλειστόμβροτος.

395 1791 716 1847 Bacchylidea:
751 1792 1023 1846 ἀρισταλκής,
1044 1792 1317 1846 ἀρίσταρχος,
1343 1792 1665 1844 ἀριστόκαρπος
1677 1790 1722 1847 ²),

281 1868 589 1922 ἀριστοπάτρα,
623 1869 988 1922 μεγιστοάνασσα,
1031 1870 1374 1922 μεγιστοπάτωρ,
1423 1872 1723 1922 πλείσταρχος.

642 2087 841 2130 CAPUT
874 2088 979 2130 VII.
1041 2087 1357 2131 EPILOGUS.

395 2194 734 2250 Disputavimus
767 2194 820 2236 de
852 2194 1101 2237 elocutione
1131 2193 1371 2236 Pindarica
1415 2200 1549 2249 atque
1592 2207 1724 2250 quam

278 2270 420 2313 multa
450 2270 497 2312 in
529 2285 581 2313 ea
611 2271 810 2314 inessent
853 2275 932 2314 aut
973 2271 1096 2327 epica
1136 2273 1216 2313 aut
1257 2269 1502 2327 exemplum
1551 2270 1722 2328 epicum

278 2362 390 2404 quae
413 2350 709 2404 sequerentur
731 2348 1148 2401 demonstravimus,
1183 2362 1447 2404 quamquam
1477 2348 1523 2390 in
1556 2347 1722 2391 forma—

278 2424 400 2467 tione
432 2424 735 2481 epithetorum
768 2440 940 2482 quoque
970 2425 1216 2468 Pindarum
1253 2440 1341 2467 non
1370 2439 1511 2482 pauca
1542 2423 1719 2475 habere,

377 2590 411 2632 l)
439 2588 552 2631 Quam
578 2587 671 2623 falso
699 2599 783 2623 voce
811 2599 902 2631 quae
937 2594 991 2623 est
1018 2588 1188 2631 ἄκαρπος
1211 2589 1472 2632 interpretatos
1499 2598 1578 2623 esse
1606 2598 1722 2632 gram-

279 2655 428 2688 maticos
455 2655 623 2699 antiquos
651 2654 772 2689 docuit
798 2655 1102 2690 Bodenheimerus
1128 2655 1151 2689 1.
1179 2655 1200 2688 l.
1232 2667 1265 2699 p.
1285 2656 1379 2700 3516.

375 2722 410 2765 2)
438 2721 599 2755 Eandem
634 2733 709 2756 rem
748 2722 910 2766 pluribus
948 2721 1126 2756 Pindarus
1165 2721 1197 2755 N
1232 2722 1247 2755 Ι
1283 2724 1343 2755 14;
1394 2721 1628 2764 ἀριστεύοισα
1666 2721 1721 2756 εὖ·

279 2787 424 2831 κάρπου
450 2786 599 2832 χθονός.
