2111 3303
1019 212 1074 253 42

336 330 581 382 ζωθάλμιος
598 329 641 383 ¹),
674 329 878 382 ἠύκομος,
925 327 1196 378 κελαδενναί,
1240 328 1411 376 ξανθαί,
1446 329 1613 379 σεμναί,
1645 327 1770 378 φιλη-

335 410 561 460 σι’μολπος.

453 482 702 537 Utrumque
754 479 895 535 igitur
946 479 1126 522 dearum
1180 492 1319 533 genus
1373 477 1585 534 epithetis
1637 475 1771 532 epicis

336 559 433 601 fere
454 559 636 600 carebat
653 557 934 613 (Gratiarum
965 554 1168 612 epitheta
1199 554 1321 611 epica
1352 554 1770 607 λιπαροκρήδεμνος,
1825 561 1828 564 ”

337 635 634 689 καλλιπάρῃος
663 649 751 675 non
781 633 953 688 recepit
982 632 1241 686 Pindarus);
1289 631 1441 686 itaque
1473 632 1618 685 poeta,
1650 631 1774 686 post-

338 726 467 768 quam
511 711 636 767 epica
666 710 894 752 Musarum
933 709 1135 765 epitheta
1173 707 1415 750 artificiose
1457 706 1675 758 variavit,
1720 705 1776 747 ad

338 788 604 831 feminarum
636 786 923 843 pulchrarum
954 785 1154 842 epitheta
1187 784 1311 840 epica
1341 783 1556 839 confugit⁷
1591 796 1777 838 quorum

341 865 516 921 largam
548 864 716 920 copiam
750 863 1040 906 excoluerunt
1071 871 1231 918 poetae
1264 860 1375 916 epici
1408 875 1433 901 a
1454 859 1650 901 Pindaro
1679 859 1777 915 ipso

341 942 417 985 vix
449 943 639 992 auctam,
685 954 811 995 quem
850 938 1009 981 talium
1054 952 1203 980 rerum
1235 937 1504 978 incuriosum
1536 935 1675 978 fuisse
1707 935 1778 977 de-

341 1019 567 1060 monstrat
583 1015 876 1072 Bacchylides
910 1019 1206 1070 comparatus,
1241 1013 1362 1055 cuius
1394 1013 1619 1068 ingenium
1650 1026 1778 1054 voces

343 1095 495 1152 quales
536 1096 641 1136 sunt
674 1094 937 1147 ἶμερόγυιος,
969 1095 1255 1146 τανίσφυρος,
1287 1092 1558 1145 χλωραυχήν,
1603 1089 1779 1143 λιπαρά,

343 1174 558 1227 ὑψαυχήυ,
592 1169 808 1226 imprimis
842 1168 1084 1224 descriptio
1106 1167 1405 1224 pulcherrima
1421 1166 1536 1210 XVI
1554 1166 1782 1208 101—108

344 1248 612 1300 ostendunt3
658 1249 816 1289 contra
848 1248 1014 1302 quanto
1059 1245 1266 1286 iuvenum
1306 1243 1591 1300 pulchrorum
1632 1256 1781 1285 amore

342 1326 557 1368 incitetur
590 1323 811 1366 Pindarus
843 1337 974 1379 saepe
1008 1348 1061 1351 ψ
1091 1322 1126 1364 O
1160 1320 1228 1363 VI
1259 1322 1326 1374 76,
1360 1320 1429 1362 IX
1449 1321 1516 1373 65,
1550 1319 1590 1361 N
1617 1319 1691 1361 ΠΙ
1714 1320 1780 1370 19,

342 1403 412 1446 XI
444 1403 511 1454 12,
543 1402 573 1444 J
605 1402 655 1443 Π
686 1402 725 1453 4,
766 1400 857 1442 VII
888 1400 956 1452 22,
989 1399 1044 1440 fr.
1081 1398 1162 1440 123
1194 1398 1294 1440 aliis
1326 1397 1434 1439 locis
1467 1396 1654 1438 victoris
1686 1395 1783 1452 pul-

346 1479 641 1523 chritudinem
663 1476 1025 1535 praedicantibus
1050 1502 1100 1505 —
1125 1475 1290 1532 prodit,
1323 1489 1409 1530 qua
1438 1474 1484 1515 in
1514 1489 1562 1516 re
1583 1477 1783 1516 tenemus

345 1559 523 1613 poetam
556 1555 813 1597 Thebanum
843 1568 870 1595 a
901 1552 988 1595 Ceo
1021 1554 1119 1594 toto
1150 1551 1271 1594 caelo
1307 1550 1610 1599 distantem&

464 1633 612 1675 Pauca
633 1631 747 1674 addo
779 1630 832 1673 de
851 1630 1075 1672 Musarum
1100 1627 1300 1684 epitheto
1331 1642 1446 1670 novo
1469 1630 1784 1681 μελίφθογγος,

349 1709 453 1766 quia
483 1709 550 1751 his
582 1709 628 1750 in
662 1708 839 1750 vocibus
873 1722 966 1749 cum
999 1706 1129 1748 melle
1161 1705 1417 1762 compositis
1449 1704 1652 1746 luxuriat
1683 1703 1787 1744 Pin-

348 1787 483 1828 darus
516 1801 567 1828 ac
599 1785 718 1828 solus
752 1785 828 1827 ille
860 1783 1047 1840 quidem,
1091 1797 1192 1824 nam
1225 1781 1540 1836 Bacchylides,
1586 1780 1786 1836 quamvis

347 1879 392 1905 sc
424 1864 518 1920 ipse
551 1863 620 1904 IX
652 1863 706 1905 10
737 1870 948 1903 νασιῶτιν
980 1861 1291 1914 λιγύφθογγον
1329 1858 1541 1910 μέλισσαν
1573 1857 1784 1913 appellet,

345 1940 457 1982 nihil
499 1940 636 1982 habet
666 1941 849 1995 praeter
883 1938 1051 1994 epicum
1093 1928 1320 1991 μελίφρων
1362 1937 1407 1977 et
1447 1934 1491 1976 id
1535 1934 1652 1990 quod
1690 1949 1787 1976 cum

346 2016 574 2072 Aeschylo
607 2031 831 2059 commune
861 2015 997 2057 habet
1028 2017 1337 2068 μελίγλωσσος.
1384 2011 1605 2053 Pindarus
1637 2013 1787 2053 autem

347 2094 484 2136 habet
515 2109 601 2135 non
634 2093 775 2136 solum
817 2091 1048 2148 epitheton
1090 2090 1257 2147 epicum
1289 2090 1519 2144 μελιαδής,
1563 2088 1679 2144 quod
1719 2102 1786 2130 se-

348 2171 502 2227 quitur
535 2169 842 2225 μελιγαθής3),
889 2183 982 2210 cum
1029 2168 1238 2210 audacius
1282 2167 1478 2209 formata
1519 2165 1579 2207 sit
1618 2164 1785 2207 locutio

348 2249 603 2301 μελιτόεσσα
635 2248 761 2288 εὐδία
793 2246 828 2288 Ο
861 2245 878 2286 Ι
913 2245 968 2287 98
1000 2247 1045 2286 et
1077 2243 1112 2285 P
1135 2243 1202 2286 VI
1224 2243 1292 2294 54,
1324 2242 1398 2284 ubi
1432 2241 1580 2283 dulces
1613 2239 1785 2283 iuvenis

449 2399 481 2439 1)
509 2395 677 2438 Explicat
704 2393 919 2427 Eustathius
947 2393 968 2426 l.
996 2393 1016 2425 l.
1045 2391 1134 2425 καθ’
1162 2389 1208 2434 ἣν
1244 2391 1313 2431 ζῶν
1338 2402 1392 2429 τις
1419 2388 1569 2431 θάλλει,
1606 2388 1699 2422 falso
1725 2387 1788 2422 ille

350 2461 504 2506 quidem,
532 2460 626 2504 quod
653 2460 757 2494 (locet
784 2471 850 2494 vox
878 2460 980 2503 opica
1006 2457 1227 2504 βιοθάλμιος
1254 2458 1360 2501 (hym.
1388 2457 1479 2490 hom.
1508 2455 1556 2489 IV
1586 2457 1666 2494 190)
1695 2464 1786 2497 quae

351 2528 547 2571 signifieat:
586 2527 654 2567 ζῶν
681 2526 746 2559 καὶ
769 2525 930 2567 θάλλων,
956 2529 996 2559 ut
1022 2524 1262 2568 explicatione
1295 2527 1379 2556 utar
1406 2521 1516 2556 schol.
1544 2520 1572 2555 O
1599 2520 1667 2553 Vll
1697 2521 1738 2553 19
1764 2520 1787 2553 h

352 2594 500 2637 I)rach.;
538 2604 657 2627 voram
692 2592 843 2636 epitheti
871 2591 1052 2625 Pindariri
1087 2590 1423 2633 interpretationem
1459 2588 1552 2621 alter
1591 2587 1788 2621 scholiasta

356 2664 429 2695 190
456 2660 587 2694 Dravh.
618 2660 776 2703 profert:
804 2658 825 2701 ἡ
854 2658 1008 2692 θάλλειν
1035 2658 1120 2696 τοὺς
1146 2662 1328 2694 νικῶντας
1353 2659 1525 2689 ποιοῦσα.

446 2729 482 2771 2)
510 2727 587 2770 Qua
614 2726 656 2760 de
682 2737 721 2759 rc
748 2726 913 2759 conferas
941 2724 1255 2758 Wilamowitzium
1282 2722 1422 2757 Orestie
1451 2722 1482 2755 11
1511 2733 1542 2765 p.
1572 2723 1626 2754 30.

447 2797 482 2831 3)
510 2793 736 2833 intellegitur
763 2793 893 2825 collata
921 2802 1006 2825 vove
1033 2791 1135 2834 opica
1160 2787 1387 2833 πολυγηθής.
