2111 3303
898 903 1121 951 VITA.

409 1018 556 1061 Natus
590 1033 685 1061 sum
715 1018 997 1062 Hermannus
1032 1018 1214 1062 Schultz
1251 1019 1498 1074 Gottingae
1530 1033 1596 1075 pr.
1630 1019 1731 1061 Kal.

292 1095 397 1137 Dec.
446 1095 553 1137 1881
611 1098 745 1152 patre
789 1095 1045 1138 Hermanno
1103 1098 1250 1138 matre
1296 1095 1473 1138 Iuliana
1525 1111 1546 1137 e
1597 1097 1733 1151 gente

294 1171 471 1225 Gelzer‚
505 1188 590 1229 qua
614 1173 861 1229 superstite
892 1173 1085 1229 gaude03
1129 1173 1232 1216 fidei
1257 1172 1461 1216 addictus
1486 1188 1581 1215 sum
1603 1187 1733 1215 evan-

294 1248 476 1304 gelicae.
528 1248 731 1292 Privatis
762 1250 922 1292 scholis
946 1249 1177 1292 elementis
1209 1250 1404 1291 imbutus
1437 1249 1538 1291 inde
1570 1264 1595 1291 a
1629 1264 1732 1291 vere

297 1325 405 1367 1891
437 1340 518 1382 per
550 1340 707 1368 novem
749 1340 886 1368 annos
919 1325 1204 1382 frequentavi
1236 1326 1519 1381 gymnasium
1551 1325 1734 1369 Gottin-

293 1417 450 1458 geme,
497 1417 581 1459 quo
621 1402 669 1444 in
713 1405 911 1460 tempore
952 1403 1116 1460 optime
1158 1402 1211 1445 de
1253 1417 1318 1445 me
1359 1403 1511 1445 meriti
1550 1409 1654 1445 sunt
1687 1410 1732 1445 et

294 1479 519 1522 Antonius
553 1480 743 1530 VierteL
776 1495 860 1536 quo
893 1480 1153 1522 moderante
1185 1479 1467 1536 gymnasium
1501 1480 1733 1522 etiamtum

293 1556 497 1609 florebat,
531 1559 577 1599 et
604 1559 932 1613 praeceptores,
968 1572 1152 1613 quorum
1185 1572 1207 1599 e
1241 1571 1423 1599 numero
1455 1556 1526 1598 hic
1557 1556 1733 1599 nomino

293 1633 582 1676 Behrendsen
611 1633 788 1676 Hentze
833 1633 966 1676 Fred.
1001 1634 1157 1689 Meyer
1197 1633 1495 1690 Pannenborg
1535 1633 1734 1676 Thimme

294 1710 565 1763 Uhlemann,
615 1711 772 1767 quibus
829 1710 911 1753 hoc
963 1726 1135 1768 quoque
1190 1711 1285 1753 loco
1334 1711 1508 1766 gratias
1557 1710 1733 1753 debitas

294 1790 341 1830 et
392 1787 586 1830 sinceras
639 1788 785 1831 dicere
836 1789 976 1831 iuvat.
1054 1788 1174 1831 Vere
1228 1789 1340 1830 1900
1390 1788 1733 1830 universitatem

293 1864 595 1907 Basileensem
628 1865 739 1921 petii
770 1869 905 1922 atque
946 1868 1052 1922 post
1091 1881 1168 1908 sex
1198 1880 1392 1918 menses,
1435 1865 1510 1921 qui
1553 1865 1734 1920 dignum

293 1941 478 1983 fuerunt
510 1942 760 1984 studiorum
790 1942 968 1984 initium
999 1945 1045 1985 et
1075 1942 1323 1995 iucundum,
1369 1941 1635 1997 Gottingam
1666 1957 1733 1984 re-

295 2032 451 2060 versus
482 2017 585 2060 inde
616 2033 642 2061 a
672 2019 776 2061 Kal.
797 2020 978 2063 Octobr.
1008 2020 1119 2061 1900
1148 2019 1373 2076 stipendia
1404 2018 1591 2061 meritus
1624 2033 1730 2071 sum,

295 2110 380 2151 quo
432 2109 545 2138 anno
591 2102 774 2153 peracto
828 2100 872 2138 et
923 2111 1108 2152 corpore
1155 2098 1448 2138 corroborato
1496 2105 1541 2138 et
1588 2096 1732 2138 animo

294 2187 409 2214 novo
452 2172 713 2215 litterarum
760 2173 922 2216 ardore
968 2174 1145 2216 incenso
1179 2173 1429 2229 Gottingae
1474 2175 1620 2215 totum
1666 2188 1734 2214 me

295 2248 566 2306 philologiae
617 2250 719 2293 dedi
768 2265 911 2307 neque
963 2250 1205 2306 Georgiam
1250 2249 1506 2305 Augustam
1554 2265 1607 2292 ex
1651 2249 1734 2291 hoc

295 2329 496 2383 tempore
541 2327 717 2370 deserui
757 2328 843 2370 nisi
884 2328 1000 2385 quod
1031 2327 1132 2370 inde
1172 2328 1226 2370 ab
1269 2330 1480 2369 autumno
1516 2327 1626 2369 1903
1665 2326 1732 2368 bis

297 2419 372 2446 sex
402 2419 572 2447 menses
605 2404 808 2447 Berolini
835 2406 1004 2462 peregi.

409 2479 671 2525 Docuerunt
716 2497 784 2525 me
829 2482 919 2525 viri
951 2482 1195 2525 doctissimi
1241 2481 1543 2524 Basileenses:
1592 2480 1735 2522 Bethe

295 2557 604 2614 Dragendorff
648 2559 843 2602 Heusler
897 2559 1228 2615 Wackernagel
1279 2558 1508 2607 Wfflfffiu,
1563 2556 1736 2599 Beroli-

296 2650 478 2679 nenses:
511 2636 638 2679 Diels
668 2636 846 2680 Kekule
878 2637 960 2679 Ed.
990 2637 1146 2693 Meyer
1178 2636 1371 2679 Paulsen
1405 2635 1524 2679 Guil.
1549 2633 1737 2678 Schulze

297 2713 507 2756 Wentzel
552 2714 881 2766 Wilamowitz‚
931 2714 1178 2757 docuerunt
1223 2716 1303 2756 aut
1349 2713 1510 2755 docent
1557 2711 1737 2754 Gottin-

296 2804 478 2845 genses:
510 2790 742 2833 Baumann
783 2791 946 2834 Busolt
986 2790 1177 2846 Dilthey
1219 2790 1446 2833 Lehmann
1489 2789 1576 2831 Leo
1616 2787 1734 2830 Guil.
