2111 3303
992 191 1046 232 57

304 307 419 364 quod
449 306 620 362 legitur
652 304 938 361 Oxyrrynch.
974 304 1079 360 Pap.
1114 304 1180 346 lV
1212 304 1295 346 No.
1329 302 1474 357 65111),
1517 304 1667 345 tamen
1699 302 1745 343 in

303 384 553 427 elocutione
583 398 683 433 non,
717 381 833 438 quod
866 383 1104 437 expectare
1136 385 1333 437 poteras,
1381 394 1568 436 prorsus
1600 379 1744 421 libera

303 463 408 504 sunt
438 461 491 502 ab
515 458 714 515 exemplo
748 459 882 515 epico,
918 472 1045 514 quam
1079 473 1171 500 rem
1192 458 1386 514 probare
1407 458 1561 513 potest
1582 471 1744 498 novum

301 536 527 594 parthenii
558 537 871 591 fragmentum,
921 535 994 577 ubi
1026 540 1265 576 occurrunt
1309 537 1355 576 et
1386 534 1581 576 formula
1620 532 1744 589 epica

304 631 344 657 v.
377 616 432 657 56
475 615 623 656 ἳππων
663 614 907 655 ὠκυπόδων
942 632 991 647 z
1028 616 1063 653 Θ
1097 612 1179 653 129
1223 616 1267 654 et
1311 626 1399 654 vox
1441 611 1565 666 epica
1615 626 1654 652 v.
1687 610 1741 651 37

305 693 502 745 αἰψηρός,
548 694 682 746 atque
716 691 824 732 bene
855 689 1074 731 adnotant
1120 688 1316 731 editores
1358 702 1486 730 Voces
1530 701 1640 743 quae
1681 687 1742 728 le-

303 770 471 825 gantur
516 784 555 809 v,
589 767 642 809 33
685 774 865 820 σειρ-ῆνα
897 768 1068 820 κόμπον
1109 765 1314 820 intellegi
1356 779 1443 806 11011
1486 779 1616 821 posse
1658 764 1745 806 nisi

303 845 468 887 collato
510 861 536 898 μ
572 844 702 898 16819
749 858 844 886 011111
887 842 1090 896 scholiis,
1139 857 1250 898 quae
1300 842 1461 884 docent
1502 841 1743 883 Hesiodum

306 921 485 964 Sirenes
520 923 678 963 ventos
710 920 1000 962 decantantes
1034 919 1255 961 inducere.
1307 919 1523 961 Libenter
1555 917 1743 960 concedo

302 999 348 1041 in
381 998 548 1041 talibus
581 997 862 1050 carminibus,
895 997 1047 1053 qualia
1078 996 1188 1038 dicit
1209 996 1467 1052 Dionysius,
1500 995 1744 1037 Pindarum

301 1076 551 1133 parciorem
584 1075 722 1117 fuisse
767 1075 929 1117 coloris
971 1074 1104 1130 epici,
1152 1074 1228 1116 sed
1270 1073 1415 1115 inesse
1460 1073 1526 1115 his
1571 1086 1745 1128 quoque

303 1152 570 1195 carminibus
603 1151 796 1194 colorem
828 1150 998 1207 epicum
1029 1153 1243 1193 tenemus.

418 1229 491 1270 Ad
522 1228 707 1271 Pindari
739 1235 885 1270 artem
926 1230 972 1269 et
1012 1227 1236 1282 ingenium
1281 1231 1327 1269 et
1358 1226 1662 1283 cognoscenda
1701 1227 1748 1268 et

303 1306 471 1349 rectius
503 1305 779 1348 aestimanda
809 1305 909 1361 plus
943 1319 1071 1360 quam
1114 1319 1165 1346 ea
1212 1319 1341 1360 quam
1371 1304 1585 1360 proposui
1616 1318 1746 1359 quae—

304 1383 391 1425 stio
433 1382 557 1425 valet
597 1397 668 1426 ea.
717 1397 829 1438 quae
871 1385 941 1424 est
982 1381 1034 1424 de
1078 1381 1344 1437 imaginibus
1385 1382 1505 1423 inter
1549 1395 1595 1423 se
1634 1395 1745 1422 com-

303 1460 471 1513 mixtis,
505 1459 557 1501 de
590 1474 676 1515 qua
706 1473 846 1515 pauca
877 1459 1085 1515 proferre
1116 1458 1272 1501 liceat.
1317 1474 1413 1501 011111
1446 1457 1743 1509 Godofredus,

304 1537 378 1593 qui
417 1537 444 1578 l.
479 1537 505 1578 1.
546 1552 626 1592 per
658 1536 790 1579 XVII
838 1535 1148 1592 paragraphos
1193 1542 1238 1578 et
1278 1535 1378 1592 plus
1423 1535 1748 1591 quinquaginta

302 1615 490 1671 paginas
523 1613 774 1656 orationem
806 1628 936 1669 quam
967 1612 1076 1655 dicit
1107 1613 1348 1668 figuratam
1370 1612 1652 1654 Pindaricam
1685 1611 1746 1652 di-

303 1694 458 1749 gessit,
490 1708 545 1735 ne
567 1693 790 1735 mentione
825 1692 998 1748 quidem
1021 1691 1199 1747 dignam
1232 1705 1327 1732 eam
1351 1692 1537 1746 putaret
1569 1691 1614 1731 et
1637 1689 1747 1730 Leo-

303 1770 462 1827 poldus
510 1769 731 1822 Schmidt,
780 1770 980 1825 quamvis
1028 1784 1120 1811 rem
1168 1768 1317 1823 aliquo
1364 1767 1491 1809 modo
1540 1766 1744 1815 sentiret,

304 1849 455 1890 tamen
499 1862 577 1902 per
622 1861 772 1889 vocem
817 1861 927 1902 quae
972 1852 1041 1888 est
1075 1860 1321 1900 oxymoron
1364 1859 1459 1887 eam
1503 1843 1748 1899 explicasse

305 1929 542 1967 contentus
575 1931 694 1967 esset
736 1928 781 1966 et
829 1924 874 1965 in
920 1923 1025 1966 solis
1059 1922 1246 1965 senioris
1286 1923 1447 1978 poetae
1480 1920 1748 1963 carminibus

306 2015 401 2044 eam
433 2016 666 2043 occurrere
699 2000 869 2043 diceret
900 2000 928 2042 l.
962 2000 990 2042 1.
1025 2016 1064 2056 p.
1098 2000 1194 2041 363.

423 2076 467 2119 A
497 2077 642 2133 poetis
677 2076 834 2133 epicis,
880 2091 988 2132 quos
1033 2078 1246 2131 quantum
1290 2074 1378 2117 scio
1420 2074 1556 2116 etiam
1594 2073 1674 2115 hac
1705 2073 1750 2114 in

307 2169 356 2197 re
387 2154 593 2210 sequitur
615 2153 924 2209 Bacchylides,
958 2167 1087 2209 quam
1119 2152 1305 2194 maxime
1339 2151 1613 2194 abhorrebat
1645 2151 1749 2192 ima-

305 2231 450 2287 ginem
484 2236 530 2273 et
560 2246 672 2281 rem,
717 2245 827 2287 quae
859 2229 1052 2286 imagine
1085 2229 1359 2286 explicatur,
1405 2228 1525 2270 inter
1559 2242 1605 2270 se
1636 2242 1750 2270 com-

306 2308 492 2351 miscere
525 2313 604 2350 aut
636 2308 865 2350 variarum
896 2307 1137 2362 imaginum
1167 2308 1338 2362 partes,
1386 2320 1571 2362 quarum
1603 2304 1751 2347 altera

407 2511 439 2555 1)
467 2509 621 2544 Chorum
647 2510 849 2554 puellarum
876 2510 920 2543 ab
948 2509 1232 2544 adulescentium
1260 2508 1397 2543 distare
1424 2508 1510 2542 dicit
1539 2520 1569 2541 v.
1597 2510 1661 2541 413:
1690 2504 1751 2551 ἐμὲ

309 2574 350 2610 δὲ
375 2579 508 2619 πρέπει
532 2575 750 2619 παρθενήια
777 2574 845 2620 μὲν
872 2580 1028 2619 φρονεῖν
1054 2576 1196 2622 γλώσσᾳ
1223 2587 1261 2609 τε
1288 2573 1480 2619 λέγεσθαι,
1520 2573 1751 2618 pulchritudo

308 2641 525 2676 describitur
557 2654 588 2676 v.
615 2644 659 2676 27
695 2642 811 2686 (χερσὶ
848 2644 1090 2686 μαλακαῖσιν)
1129 2652 1244 2684 neque
1278 2641 1314 2675 id
1351 2640 1445 2684 quod
1480 2640 1616 2673 monuit
1643 2640 1753 2672 Wila-

308 2708 506 2743 mowitzius
543 2709 638 2743 Gott.
667 2709 741 2743 Gel.
770 2712 857 2743 Anz.
887 2711 977 2743 1904
1002 2721 1035 2753 p.
1063 2710 1132 2742 670
1159 2709 1259 2742 chori
1294 2707 1419 2742 ducem
1447 2717 1544 2741 more
1568 2705 1751 2740 Alcmanis

308 2775 530 2809 nominatam
556 2776 778 2809 miraremur.
